Set ID,Section,Condition,Times Sold,Total Qty,Total Lots,Min Price (EUR),Avg Price (EUR),Qty Avg Price (EUR),Max Price (EUR),ScrapeTimestampUTC
75313-1,Last 6 Months Sales,New,128.0,135,,386.7,727.59,722.38,1054.23,2025-10-11T12:56:37.596358
75313-1,Last 6 Months Sales,Used,23.0,23,,455.09,644.82,644.82,807.5,2025-10-11T12:56:37.596358
75313-1,Current Items for Sale,New,,189,126.0,700.0,1121.81,1108.25,3399.99,2025-10-11T12:56:37.596358
75313-1,Current Items for Sale,Used,,16,16.0,599.0,768.5,768.5,1080.56,2025-10-11T12:56:37.596358
10307-1,Last 6 Months Sales,New,6.0,8,,268.89,405.39,371.26,595.0,2025-10-11T12:58:14.300852
10307-1,Last 6 Months Sales,Used,8.0,8,,317.16,365.23,365.23,459.0,2025-10-11T12:58:14.300852
10307-1,Current Items for Sale,New,,213,51.0,387.35,648.32,502.64,1250.0,2025-10-11T12:58:14.300852
10307-1,Current Items for Sale,Used,,21,14.0,295.64,507.54,439.25,800.0,2025-10-11T12:58:14.300852
10276-1,Last 6 Months Sales,New,21.0,21,,365.63,748.95,748.95,1057.92,2025-10-11T12:59:34.670565
10276-1,Last 6 Months Sales,Used,16.0,16,,329.43,503.17,503.17,809.48,2025-10-11T12:59:34.670565
10276-1,Current Items for Sale,New,,40,33.0,602.64,1054.35,1054.76,1950.0,2025-10-11T12:59:34.670565
10276-1,Current Items for Sale,Used,,13,12.0,330.65,581.32,562.04,729.85,2025-10-11T12:59:34.670565
10316-1,Last 6 Months Sales,New,67.0,78,,149.37,326.63,328.71,465.17,2025-10-11T13:01:23.935938
10316-1,Last 6 Months Sales,Used,12.0,12,,240.0,306.86,306.86,350.76,2025-10-11T13:01:23.935938
10316-1,Current Items for Sale,New,,458,151.0,176.15,506.46,477.23,1219.74,2025-10-11T13:01:23.935938
10316-1,Current Items for Sale,Used,,7,7.0,369.96,417.13,417.13,499.0,2025-10-11T13:01:23.935938
10300-1,Last 6 Months Sales,New,17.0,19,,106.24,123.0,121.32,179.99,2025-10-11T13:03:07.789820
10300-1,Last 6 Months Sales,Used,11.0,11,,76.44,93.05,93.05,130.0,2025-10-11T13:03:07.789820
10300-1,Current Items for Sale,New,,531,217.0,108.06,206.34,197.76,750.0,2025-10-11T13:03:07.789820
10300-1,Current Items for Sale,Used,,29,29.0,34.58,125.39,125.39,180.0,2025-10-11T13:03:07.789820
21318-1,Last 6 Months Sales,New,66.0,68,,127.09,162.41,162.9,229.51,2025-10-11T13:04:42.197083
21318-1,Last 6 Months Sales,Used,25.0,25,,66.4,123.33,123.33,153.1,2025-10-11T13:04:42.197083
21318-1,Current Items for Sale,New,,1362,470.0,111.08,240.93,237.06,799.99,2025-10-11T13:04:42.197083
21318-1,Current Items for Sale,Used,,45,37.0,103.73,171.83,160.69,399.0,2025-10-11T13:04:42.197083
60380-1,Last 6 Months Sales,New,22.0,26,,165.98,213.91,211.77,255.52,2025-10-11T13:24:18.672072
60380-1,Last 6 Months Sales,Used,0.0,0,,,,,,2025-10-11T13:24:18.672072
60380-1,Current Items for Sale,New,,25,13.0,180.74,250.29,260.06,337.25,2025-10-11T13:24:18.672072
60380-1,Current Items for Sale,Used,,1,1.0,190.0,190.0,190.0,190.0,2025-10-11T13:24:18.672072
41757-1,Last 6 Months Sales,New,19.0,22,,42.8,61.34,62.14,93.94,2025-10-11T13:26:14.272940
41757-1,Last 6 Months Sales,Used,5.0,5,,44.45,49.08,49.08,53.76,2025-10-11T13:26:14.272940
41757-1,Current Items for Sale,New,,170,78.0,53.66,92.89,93.0,172.24,2025-10-11T13:26:14.272940
41757-1,Current Items for Sale,Used,,0,0.0,,,,,2025-10-11T13:26:14.272940
43225-1,Last 6 Months Sales,New,19.0,37,,52.6,123.36,147.87,179.99,2025-10-11T13:28:02.536937
43225-1,Last 6 Months Sales,Used,0.0,0,,,,,,2025-10-11T13:28:02.536937
43225-1,Current Items for Sale,New,,123,82.0,99.98,163.79,161.08,270.0,2025-10-11T13:28:02.536937
43225-1,Current Items for Sale,Used,,12,12.0,43.18,81.64,81.64,129.67,2025-10-11T13:28:02.536937
76989-1,Last 6 Months Sales,New,93.0,110,,15.03,95.7,96.83,145.75,2025-10-11T13:29:44.026480
76989-1,Last 6 Months Sales,Used,19.0,19,,21.5,67.79,67.79,98.0,2025-10-11T13:29:44.026480
76989-1,Current Items for Sale,New,,342,172.0,80.35,123.63,122.78,221.88,2025-10-11T13:29:44.026480
76989-1,Current Items for Sale,Used,,9,9.0,68.51,82.14,82.14,106.77,2025-10-11T13:29:44.026480
10246-1,Last 6 Months Sales,New,57.0,59,,93.26,291.5,290.96,415.52,2025-10-11T13:31:23.091890
10246-1,Last 6 Months Sales,Used,38.0,38,,136.71,244.08,244.08,351.74,2025-10-11T13:31:23.091890
10246-1,Current Items for Sale,New,,149,129.0,281.43,452.01,447.71,1210.22,2025-10-11T13:31:23.091890
10246-1,Current Items for Sale,Used,,73,68.0,205.5,318.65,316.41,500.0,2025-10-11T13:31:23.091890
10255-1,Last 6 Months Sales,New,132.0,170,,149.0,237.92,227.45,427.09,2025-10-11T13:32:37.530917
10255-1,Last 6 Months Sales,Used,44.0,44,,130.5,194.91,194.91,301.78,2025-10-11T13:32:37.530917
10255-1,Current Items for Sale,New,,944,486.0,169.4,328.41,322.18,739.1,2025-10-11T13:32:37.530917
10255-1,Current Items for Sale,Used,,74,70.0,150.93,263.69,260.27,763.83,2025-10-11T13:32:37.530917
10270-1,Last 6 Months Sales,New,112.0,162,,139.44,188.11,185.42,274.46,2025-10-11T13:34:12.489384
10270-1,Last 6 Months Sales,Used,45.0,46,,87.93,147.24,147.62,188.18,2025-10-11T13:34:12.489384
10270-1,Current Items for Sale,New,,1024,413.0,143.24,244.73,233.35,863.57,2025-10-11T13:34:12.489384
10270-1,Current Items for Sale,Used,,60,50.0,85.5,186.29,177.86,400.0,2025-10-11T13:34:12.489384
4520-1,Last 6 Months Sales,New,4.0,6,,15.77,20.26,19.8,26.24,2025-10-11T14:20:37.591561
4520-1,Last 6 Months Sales,Used,6.0,26,,3.49,6.33,4.47,10.17,2025-10-11T14:20:37.591561
4520-1,Current Items for Sale,New,,119,50.0,12.0,21.95,22.25,65.0,2025-10-11T14:20:37.591561
4520-1,Current Items for Sale,Used,,64,25.0,3.0,8.29,8.38,27.66,2025-10-11T14:20:37.591561
4531-1,Last 6 Months Sales,New,9.0,10,,30.36,37.15,36.47,44.55,2025-10-11T14:22:11.029518
4531-1,Last 6 Months Sales,Used,13.0,24,,18.75,24.52,25.08,30.0,2025-10-11T14:22:11.029518
4531-1,Current Items for Sale,New,,108,25.0,25.99,55.04,50.41,97.0,2025-10-11T14:22:11.029518
4531-1,Current Items for Sale,Used,,77,31.0,17.22,32.81,31.41,82.12,2025-10-11T14:22:11.029518
4548-1,Last 6 Months Sales,New,5.0,6,,79.99,96.64,101.93,128.4,2025-10-11T14:23:42.240075
4548-1,Last 6 Months Sales,Used,10.0,11,,19.99,49.35,50.77,65.0,2025-10-11T14:23:42.240075
4548-1,Current Items for Sale,New,,32,19.0,59.99,121.14,134.85,333.33,2025-10-11T14:23:42.240075
4548-1,Current Items for Sale,Used,,23,18.0,46.87,72.6,69.58,172.89,2025-10-11T14:23:42.240075
4519-1,Last 6 Months Sales,New,2.0,3,,29.04,29.99,30.31,30.94,2025-10-11T14:25:40.998699
4519-1,Last 6 Months Sales,Used,1.0,1,,22.14,22.14,22.14,22.14,2025-10-11T14:25:40.998699
4519-1,Current Items for Sale,New,,66,28.0,30.0,44.82,45.48,99.99,2025-10-11T14:25:40.998699
4519-1,Current Items for Sale,Used,,7,7.0,21.61,29.73,29.73,60.0,2025-10-11T14:25:40.998699
10030-1,Last 6 Months Sales,New,4.0,4,,852.66,1121.36,1121.36,1617.38,2025-10-11T14:28:16.563095
10030-1,Last 6 Months Sales,Used,6.0,6,,315.19,367.44,367.44,449.99,2025-10-11T14:28:16.563095
10030-1,Current Items for Sale,New,,15,15.0,864.45,1420.48,1420.48,2499.0,2025-10-11T14:28:16.563095
10030-1,Current Items for Sale,Used,,39,39.0,345.78,736.93,736.93,1200.0,2025-10-11T14:28:16.563095
10143-1,Last 6 Months Sales,New,10.0,10,,263.49,945.34,945.34,2432.79,2025-10-11T14:32:06.578203
10143-1,Last 6 Months Sales,Used,17.0,17,,586.02,786.94,786.94,1022.66,2025-10-11T14:32:06.578203
10143-1,Current Items for Sale,New,,6,6.0,1728.9,2524.52,2524.52,3457.8,2025-10-11T14:32:06.578203
10143-1,Current Items for Sale,Used,,6,6.0,430.59,989.77,989.77,1556.0,2025-10-11T14:32:06.578203
10144-1,Last 6 Months Sales,New,5.0,5,,262.92,325.07,325.07,370.0,2025-10-11T14:33:50.116935
10144-1,Last 6 Months Sales,Used,11.0,11,,20.57,198.36,198.36,270.0,2025-10-11T14:33:50.116935
10144-1,Current Items for Sale,New,,44,39.0,172.03,477.13,493.94,1300.28,2025-10-11T14:33:50.116935
10144-1,Current Items for Sale,Used,,27,27.0,121.67,275.66,275.66,1331.24,2025-10-11T14:33:50.116935
6211-1,Last 6 Months Sales,New,2.0,2,,357.77,368.5,368.5,379.22,2025-10-11T14:35:16.576115
6211-1,Last 6 Months Sales,Used,30.0,30,,65.0,134.7,134.7,183.81,2025-10-11T14:35:16.576115
6211-1,Current Items for Sale,New,,28,24.0,308.0,437.99,443.69,605.12,2025-10-11T14:35:16.576115
6211-1,Current Items for Sale,Used,,60,57.0,60.51,187.72,190.55,475.45,2025-10-11T14:35:16.576115
7783-1,Last 6 Months Sales,New,2.0,2,,702.48,702.48,702.48,702.48,2025-10-11T14:37:24.930372
7783-1,Last 6 Months Sales,Used,21.0,21,,137.3,386.91,386.91,704.71,2025-10-11T14:37:24.930372
7783-1,Current Items for Sale,New,,9,9.0,649.0,839.45,839.45,1123.78,2025-10-11T14:37:24.930372
7783-1,Current Items for Sale,Used,,11,11.0,155.59,396.17,396.17,500.0,2025-10-11T14:37:24.930372
8285-1,Last 6 Months Sales,New,0.0,0,,,,,,2025-10-11T14:38:46.418014
8285-1,Last 6 Months Sales,Used,4.0,4,,125.0,131.12,131.12,144.0,2025-10-11T14:38:46.418014
8285-1,Current Items for Sale,New,,12,11.0,348.19,487.41,484.3,769.0,2025-10-11T14:38:46.418014
8285-1,Current Items for Sale,Used,,68,67.0,90.0,212.29,211.23,713.17,2025-10-11T14:38:46.418014
8289-1,Last 6 Months Sales,New,3.0,3,,112.06,121.22,121.22,130.0,2025-10-11T14:40:00.690668
8289-1,Last 6 Months Sales,Used,1.0,1,,72.95,72.95,72.95,72.95,2025-10-11T14:40:00.690668
8289-1,Current Items for Sale,New,,9,7.0,103.73,137.31,135.0,210.0,2025-10-11T14:40:00.690668
8289-1,Current Items for Sale,Used,,22,22.0,39.0,74.57,74.57,149.0,2025-10-11T14:40:00.690668
8674-1,Last 6 Months Sales,New,0.0,0,,,,,,2025-10-11T14:41:48.904473
8674-1,Last 6 Months Sales,Used,1.0,1,,236.62,236.62,236.62,236.62,2025-10-11T14:41:48.904473
8674-1,Current Items for Sale,New,,13,6.0,8.0,654.75,732.93,900.0,2025-10-11T14:41:48.904473
8674-1,Current Items for Sale,Used,,7,7.0,198.0,220.58,220.58,285.27,2025-10-11T14:41:48.904473
10174-1,Last 6 Months Sales,New,7.0,7,,283.05,449.63,449.63,750.0,2025-10-11T14:43:04.921175
10174-1,Last 6 Months Sales,Used,14.0,14,,54.79,167.05,167.05,383.13,2025-10-11T14:43:04.921175
10174-1,Current Items for Sale,New,,20,20.0,366.58,591.99,591.99,999.99,2025-10-11T14:43:04.921175
10174-1,Current Items for Sale,Used,,46,46.0,86.44,219.94,219.94,400.73,2025-10-11T14:43:04.921175
10175-1,Last 6 Months Sales,New,1.0,1,,761.9,761.9,761.9,761.9,2025-10-11T14:44:49.957730
10175-1,Last 6 Months Sales,Used,9.0,9,,255.63,387.79,387.79,749.99,2025-10-11T14:44:49.957730
10175-1,Current Items for Sale,New,,17,17.0,759.96,1253.92,1253.92,1999.99,2025-10-11T14:44:49.957730
10175-1,Current Items for Sale,Used,,29,29.0,191.62,546.46,546.46,1790.0,2025-10-11T14:44:49.957730
10177-1,Last 6 Months Sales,New,3.0,3,,332.73,418.37,418.37,472.39,2025-10-11T14:46:49.058617
10177-1,Last 6 Months Sales,Used,0.0,0,,,,,,2025-10-11T14:46:49.058617
10177-1,Current Items for Sale,New,,21,15.0,254.65,629.88,792.77,1200.0,2025-10-11T14:46:49.058617
10177-1,Current Items for Sale,Used,,15,15.0,210.0,298.69,298.69,495.0,2025-10-11T14:46:49.058617
8145-1,Last 6 Months Sales,New,0.0,0,,,,,,2025-10-11T14:48:51.276233
8145-1,Last 6 Months Sales,Used,2.0,2,,157.24,165.49,165.49,173.73,2025-10-11T14:48:51.276233
8145-1,Current Items for Sale,New,,7,7.0,475.0,676.03,676.03,932.7,2025-10-11T14:48:51.276233
8145-1,Current Items for Sale,Used,,19,18.0,129.67,231.35,231.57,420.0,2025-10-11T14:48:51.276233
4954-1,Last 6 Months Sales,New,2.0,2,,152.0,176.7,176.7,201.39,2025-10-11T14:50:42.843889
4954-1,Last 6 Months Sales,Used,6.0,6,,96.96,114.77,114.77,139.0,2025-10-11T14:50:42.843889
4954-1,Current Items for Sale,New,,6,6.0,197.09,258.41,258.41,308.65,2025-10-11T14:50:42.843889
4954-1,Current Items for Sale,Used,,33,31.0,34.57,142.28,144.84,269.0,2025-10-11T14:50:42.843889
4957-1,Last 6 Months Sales,New,1.0,1,,180.0,180.0,180.0,180.0,2025-10-11T14:52:14.291301
4957-1,Last 6 Months Sales,Used,3.0,3,,46.75,55.27,55.27,63.37,2025-10-11T14:52:14.291301
4957-1,Current Items for Sale,New,,10,10.0,159.92,237.54,237.54,424.0,2025-10-11T14:52:14.291301
4957-1,Current Items for Sale,Used,,35,34.0,56.19,108.36,110.12,249.0,2025-10-11T14:52:14.291301
7662-1,Last 6 Months Sales,New,4.0,4,,672.26,945.21,945.21,1163.58,2025-10-11T14:53:49.468281
7662-1,Last 6 Months Sales,Used,44.0,44,,129.96,272.81,272.81,424.95,2025-10-11T14:53:49.468281
7662-1,Current Items for Sale,New,,13,13.0,933.64,1209.14,1209.14,1599.23,2025-10-11T14:53:49.468281
7662-1,Current Items for Sale,Used,,30,29.0,237.96,404.74,406.36,918.59,2025-10-11T14:53:49.468281
8108-1,Last 6 Months Sales,New,1.0,1,,271.95,271.95,271.95,271.95,2025-10-11T14:55:45.331438
8108-1,Last 6 Months Sales,Used,7.0,7,,71.72,110.46,110.46,198.23,2025-10-11T14:55:45.331438
8108-1,Current Items for Sale,New,,65,6.0,8.64,252.45,51.25,366.53,2025-10-11T14:55:45.331438
8108-1,Current Items for Sale,Used,,12,12.0,95.05,140.72,140.72,178.29,2025-10-11T14:55:45.331438
8274-1,Last 6 Months Sales,New,0.0,0,,,,,,2025-10-11T14:56:59.176142
8274-1,Last 6 Months Sales,Used,2.0,2,,95.99,97.45,97.45,98.91,2025-10-11T14:56:59.176142
8274-1,Current Items for Sale,New,,7,5.0,261.28,392.52,359.56,649.99,2025-10-11T14:56:59.176142
8274-1,Current Items for Sale,Used,,17,17.0,76.57,112.24,112.24,179.95,2025-10-11T14:56:59.176142
8275-1,Last 6 Months Sales,New,2.0,2,,361.77,425.33,425.33,488.9,2025-10-11T14:59:05.925589
8275-1,Last 6 Months Sales,Used,10.0,10,,92.39,160.84,160.84,302.34,2025-10-11T14:59:05.925589
8275-1,Current Items for Sale,New,,27,23.0,130.0,537.41,530.38,794.0,2025-10-11T14:59:05.925589
8275-1,Current Items for Sale,Used,,64,61.0,102.18,201.51,201.1,645.0,2025-10-11T14:59:05.925589
10178-1,Last 6 Months Sales,New,3.0,3,,245.0,503.24,503.24,838.9,2025-10-11T15:00:43.448051
10178-1,Last 6 Months Sales,Used,17.0,17,,136.54,174.85,174.85,224.35,2025-10-11T15:00:43.448051
10178-1,Current Items for Sale,New,,24,22.0,399.73,560.1,556.69,907.67,2025-10-11T15:00:43.448051
10178-1,Current Items for Sale,Used,,51,49.0,154.14,256.33,255.64,562.58,2025-10-11T15:00:43.448051
10179-1,Last 6 Months Sales,New,4.0,4,,1145.77,1404.51,1404.51,1500.0,2025-10-11T15:02:17.854742
10179-1,Last 6 Months Sales,Used,8.0,8,,429.08,760.52,760.52,1312.55,2025-10-11T15:02:17.854742
10179-1,Current Items for Sale,New,,40,37.0,1500.0,3015.98,2935.54,7866.5,2025-10-11T15:02:17.854742
10179-1,Current Items for Sale,Used,,21,21.0,678.24,1429.83,1429.83,2750.0,2025-10-11T15:02:17.854742
10181-1,Last 6 Months Sales,New,2.0,3,,750.0,862.68,825.12,975.36,2025-10-11T15:03:57.332937
10181-1,Last 6 Months Sales,Used,4.0,4,,196.51,360.46,360.46,568.98,2025-10-11T15:03:57.332937
10181-1,Current Items for Sale,New,,16,15.0,778.0,1541.29,1601.2,3025.58,2025-10-11T15:03:57.332937
10181-1,Current Items for Sale,Used,,43,42.0,190.18,436.4,442.63,1099.0,2025-10-11T15:03:57.332937
10182-1,Last 6 Months Sales,New,9.0,9,,600.0,1674.36,1674.36,2700.0,2025-10-11T15:05:38.308852
10182-1,Last 6 Months Sales,Used,27.0,27,,270.91,667.58,667.58,1057.92,2025-10-11T15:05:38.308852
10182-1,Current Items for Sale,New,,15,12.0,115.0,2278.59,2029.26,3750.0,2025-10-11T15:05:38.308852
10182-1,Current Items for Sale,Used,,44,41.0,89.0,960.85,955.11,2136.55,2025-10-11T15:05:38.308852
10190-1,Last 6 Months Sales,New,3.0,3,,1342.63,2038.03,2038.03,2550.0,2025-10-11T15:07:31.192199
10190-1,Last 6 Months Sales,Used,20.0,20,,171.96,479.79,479.79,700.0,2025-10-11T15:07:31.192199
10190-1,Current Items for Sale,New,,7,7.0,2798.11,3693.49,3693.49,4996.63,2025-10-11T15:07:31.192199
10190-1,Current Items for Sale,Used,,23,23.0,389.0,962.99,962.99,3458.66,2025-10-11T15:07:31.192199
4997-1,Last 6 Months Sales,New,1.0,1,,250.0,250.0,250.0,250.0,2025-10-11T15:08:51.678864
4997-1,Last 6 Months Sales,Used,3.0,3,,51.09,60.16,60.16,70.0,2025-10-11T15:08:51.678864
4997-1,Current Items for Sale,New,,7,7.0,123.32,210.61,210.61,344.23,2025-10-11T15:08:51.678864
4997-1,Current Items for Sale,Used,,32,32.0,2.0,88.61,88.61,199.0,2025-10-11T15:08:51.678864
7676-1,Last 6 Months Sales,New,7.0,7,,516.96,682.59,682.59,747.18,2025-10-11T15:10:56.881352
7676-1,Last 6 Months Sales,Used,35.0,35,,46.2,225.24,225.24,375.0,2025-10-11T15:10:56.881352
7676-1,Current Items for Sale,New,,17,11.0,582.94,787.65,818.48,1294.95,2025-10-11T15:10:56.881352
7676-1,Current Items for Sale,Used,,40,38.0,133.3,275.15,278.5,863.59,2025-10-11T15:10:56.881352
8154-1,Last 6 Months Sales,New,0.0,0,,,,,,2025-10-11T15:12:50.079032
8154-1,Last 6 Months Sales,Used,0.0,0,,,,,,2025-10-11T15:12:50.079032
8154-1,Current Items for Sale,New,,15,7.0,99.41,148.36,140.17,184.98,2025-10-11T15:12:50.079032
8154-1,Current Items for Sale,Used,,9,9.0,44.99,84.32,84.32,139.0,2025-10-11T15:12:50.079032
8295-1,Last 6 Months Sales,New,2.0,2,,170.94,176.97,176.97,183.0,2025-10-11T15:14:22.913210
8295-1,Last 6 Months Sales,Used,2.0,2,,49.6,62.28,62.28,74.95,2025-10-11T15:14:22.913210
8295-1,Current Items for Sale,New,,16,11.0,172.85,206.22,206.57,249.72,2025-10-11T15:14:22.913210
8295-1,Current Items for Sale,Used,,30,29.0,58.0,86.6,86.43,175.73,2025-10-11T15:14:22.913210
8297-1,Last 6 Months Sales,New,1.0,1,,225.0,225.0,225.0,225.0,2025-10-11T15:16:06.457856
8297-1,Last 6 Months Sales,Used,7.0,7,,41.28,69.33,69.33,95.0,2025-10-11T15:16:06.457856
8297-1,Current Items for Sale,New,,19,14.0,188.0,262.27,248.66,379.42,2025-10-11T15:16:06.457856
8297-1,Current Items for Sale,Used,,67,65.0,52.5,107.52,106.99,279.0,2025-10-11T15:16:06.457856
8635-1,Last 6 Months Sales,New,2.0,2,,250.0,272.5,272.5,295.0,2025-10-11T15:18:12.187051
8635-1,Last 6 Months Sales,Used,17.0,17,,56.11,109.17,109.17,171.59,2025-10-11T15:18:12.187051
8635-1,Current Items for Sale,New,,0,0.0,,,,,2025-10-11T15:18:12.187051
8635-1,Current Items for Sale,Used,,1,1.0,175.0,175.0,175.0,175.0,2025-10-11T15:18:12.187051
10184-1,Last 6 Months Sales,New,2.0,2,,220.39,285.19,285.19,349.99,2025-10-11T15:20:11.422071
10184-1,Last 6 Months Sales,Used,3.0,3,,70.06,148.33,148.33,203.86,2025-10-11T15:20:11.422071
10184-1,Current Items for Sale,New,,33,32.0,140.41,390.85,388.7,864.36,2025-10-11T15:20:11.422071
10184-1,Current Items for Sale,Used,,26,25.0,60.51,230.13,229.52,379.0,2025-10-11T15:20:11.422071
10185-1,Last 6 Months Sales,New,12.0,12,,519.0,1083.41,1083.41,1799.0,2025-10-11T15:22:05.773250
10185-1,Last 6 Months Sales,Used,35.0,36,,135.51,648.99,646.15,1100.35,2025-10-11T15:22:05.773250
10185-1,Current Items for Sale,New,,47,45.0,1299.68,2167.83,2148.15,15041.43,2025-10-11T15:22:05.773250
10185-1,Current Items for Sale,Used,,35,31.0,616.59,959.67,1002.0,1350.0,2025-10-11T15:22:05.773250
10186-1,Last 6 Months Sales,New,7.0,7,,275.31,377.18,377.18,469.89,2025-10-11T15:23:18.603884
10186-1,Last 6 Months Sales,Used,10.0,10,,132.46,181.96,181.96,249.99,2025-10-11T15:23:18.603884
10186-1,Current Items for Sale,New,,12,11.0,299.99,434.79,443.58,540.28,2025-10-11T15:23:18.603884
10186-1,Current Items for Sale,Used,,6,6.0,223.91,250.52,250.52,267.84,2025-10-11T15:23:18.603884
10187-1,Last 6 Months Sales,New,1.0,1,,448.83,448.83,448.83,448.83,2025-10-11T15:24:36.502685
10187-1,Last 6 Months Sales,Used,0.0,0,,,,,,2025-10-11T15:24:36.502685
10187-1,Current Items for Sale,New,,27,25.0,328.48,741.88,725.32,1255.51,2025-10-11T15:24:36.502685
10187-1,Current Items for Sale,Used,,25,25.0,172.89,415.28,415.28,630.0,2025-10-11T15:24:36.502685
10188-1,Last 6 Months Sales,New,33.0,34,,343.31,702.31,698.0,1106.83,2025-10-11T15:26:34.580328
10188-1,Last 6 Months Sales,Used,28.0,28,,217.81,451.39,451.39,794.77,2025-10-11T15:26:34.580328
10188-1,Current Items for Sale,New,,74,62.0,475.44,836.34,829.09,1339.9,2025-10-11T15:26:34.580328
10188-1,Current Items for Sale,Used,,33,33.0,198.24,473.11,473.11,778.0,2025-10-11T15:26:34.580328
10189-1,Last 6 Months Sales,New,2.0,2,,342.17,508.78,508.78,675.39,2025-10-11T15:28:10.684394
10189-1,Last 6 Months Sales,Used,2.0,2,,190.0,192.68,192.68,195.37,2025-10-11T15:28:10.684394
10189-1,Current Items for Sale,New,,34,31.0,677.73,1217.89,1232.18,3284.91,2025-10-11T15:28:10.684394
10189-1,Current Items for Sale,Used,,32,31.0,151.28,520.42,531.97,1999.0,2025-10-11T15:28:10.684394
6753-1,Last 6 Months Sales,New,2.0,2,,172.47,174.24,174.24,176.0,2025-10-11T15:29:32.570898
6753-1,Last 6 Months Sales,Used,6.0,6,,47.62,76.12,76.12,90.0,2025-10-11T15:29:32.570898
6753-1,Current Items for Sale,New,,13,12.0,154.44,191.27,190.4,290.0,2025-10-11T15:29:32.570898
6753-1,Current Items for Sale,Used,,16,16.0,65.0,89.25,89.25,139.95,2025-10-11T15:29:32.570898
8039-1,Last 6 Months Sales,New,6.0,6,,175.52,425.19,425.19,618.89,2025-10-11T15:30:44.506859
8039-1,Last 6 Months Sales,Used,47.0,47,,1.0,194.73,194.73,280.12,2025-10-11T15:30:44.506859
8039-1,Current Items for Sale,New,,29,25.0,545.63,721.97,759.69,1274.78,2025-10-11T15:30:44.506859
8039-1,Current Items for Sale,Used,,56,56.0,146.25,288.57,288.57,1080.56,2025-10-11T15:30:44.506859
8063-1,Last 6 Months Sales,New,1.0,1,,143.2,143.2,143.2,143.2,2025-10-11T15:32:06.695664
8063-1,Last 6 Months Sales,Used,2.0,2,,113.88,156.94,156.94,200.0,2025-10-11T15:32:06.695664
8063-1,Current Items for Sale,New,,17,9.0,151.24,214.75,205.63,430.0,2025-10-11T15:32:06.695664
8063-1,Current Items for Sale,Used,,10,10.0,73.48,118.36,118.36,184.98,2025-10-11T15:32:06.695664
8258-1,Last 6 Months Sales,New,3.0,4,,418.0,440.18,434.64,472.54,2025-10-11T15:33:21.739895
8258-1,Last 6 Months Sales,Used,6.0,6,,99.0,178.29,178.29,249.0,2025-10-11T15:33:21.739895
8258-1,Current Items for Sale,New,,19,16.0,299.1,419.59,425.64,531.25,2025-10-11T15:33:21.739895
8258-1,Current Items for Sale,Used,,42,41.0,150.0,239.25,238.55,457.0,2025-10-11T15:33:21.739895
8265-1,Last 6 Months Sales,New,2.0,4,,206.09,207.04,207.52,208.0,2025-10-11T15:34:42.289286
8265-1,Last 6 Months Sales,Used,2.0,2,,50.0,62.06,62.06,74.12,2025-10-11T15:34:42.289286
8265-1,Current Items for Sale,New,,19,15.0,159.0,228.68,236.83,299.0,2025-10-11T15:34:42.289286
8265-1,Current Items for Sale,Used,,40,40.0,60.0,99.85,99.85,249.0,2025-10-11T15:34:42.289286
10193-1,Last 6 Months Sales,New,17.0,19,,109.0,228.46,234.73,352.64,2025-10-11T15:36:05.306852
10193-1,Last 6 Months Sales,Used,11.0,11,,137.08,216.93,216.93,299.95,2025-10-11T15:36:05.306852
10193-1,Current Items for Sale,New,,77,55.0,241.18,404.79,635.29,2723.02,2025-10-11T15:36:05.306852
10193-1,Current Items for Sale,Used,,37,36.0,77.79,268.61,265.79,499.0,2025-10-11T15:36:05.306852
10194-1,Last 6 Months Sales,New,11.0,12,,316.76,502.71,492.48,699.99,2025-10-11T15:38:26.575112
10194-1,Last 6 Months Sales,Used,10.0,10,,294.93,355.8,355.8,459.95,2025-10-11T15:38:26.575112
10194-1,Current Items for Sale,New,,54,48.0,369.0,757.12,735.84,5791.82,2025-10-11T15:38:26.575112
10194-1,Current Items for Sale,Used,,29,25.0,199.2,435.06,432.97,691.44,2025-10-11T15:38:26.575112
10195-1,Last 6 Months Sales,New,16.0,17,,633.8,1345.19,1303.35,2566.95,2025-10-11T15:40:19.357544
10195-1,Last 6 Months Sales,Used,36.0,36,,206.08,671.94,671.94,1200.0,2025-10-11T15:40:19.357544
10195-1,Current Items for Sale,New,,26,25.0,1296.68,2183.94,2184.65,3399.42,2025-10-11T15:40:19.357544
10195-1,Current Items for Sale,Used,,31,28.0,605.12,943.49,959.97,1345.0,2025-10-11T15:40:19.357544
10196-1,Last 6 Months Sales,New,2.0,2,,1040.29,1132.02,1132.02,1223.76,2025-10-11T15:41:45.248213
10196-1,Last 6 Months Sales,Used,2.0,2,,500.0,513.69,513.69,527.38,2025-10-11T15:41:45.248213
10196-1,Current Items for Sale,New,,25,24.0,1383.12,2541.58,2537.92,4495.14,2025-10-11T15:41:45.248213
10196-1,Current Items for Sale,Used,,31,30.0,200.0,1102.31,1106.17,2334.02,2025-10-11T15:41:45.248213
10197-1,Last 6 Months Sales,New,43.0,43,,185.69,360.49,360.49,861.06,2025-10-11T15:43:04.923295
10197-1,Last 6 Months Sales,Used,32.0,32,,237.11,350.29,350.29,475.0,2025-10-11T15:43:04.923295
10197-1,Current Items for Sale,New,,104,79.0,436.56,681.94,661.99,1728.9,2025-10-11T15:43:04.923295
10197-1,Current Items for Sale,Used,,40,40.0,333.25,474.64,474.64,779.0,2025-10-11T15:43:04.923295
10198-1,Last 6 Months Sales,New,5.0,5,,125.0,269.31,269.31,375.0,2025-10-11T15:44:19.304202
10198-1,Last 6 Months Sales,Used,10.0,10,,105.82,165.31,165.31,216.95,2025-10-11T15:44:19.304202
10198-1,Current Items for Sale,New,,55,50.0,216.52,386.67,386.83,1388.1,2025-10-11T15:44:19.304202
10198-1,Current Items for Sale,Used,,39,38.0,85.58,197.84,196.8,350.0,2025-10-11T15:44:19.304202
8053-1,Last 6 Months Sales,New,1.0,1,,239.99,239.99,239.99,239.99,2025-10-11T15:46:02.388817
8053-1,Last 6 Months Sales,Used,4.0,4,,59.42,73.19,73.19,88.32,2025-10-11T15:46:02.388817
8053-1,Current Items for Sale,New,,30,18.0,170.0,246.2,245.44,327.35,2025-10-11T15:46:02.388817
8053-1,Current Items for Sale,Used,,31,31.0,66.58,126.38,126.38,318.12,2025-10-11T15:46:02.388817
10210-1,Last 6 Months Sales,New,14.0,14,,529.0,924.58,924.58,1296.61,2025-10-11T15:48:00.076513
10210-1,Last 6 Months Sales,Used,14.0,14,,395.0,645.57,645.57,871.39,2025-10-11T15:48:00.076513
10210-1,Current Items for Sale,New,,31,29.0,1059.49,1415.31,1406.52,1900.0,2025-10-11T15:48:00.076513
10210-1,Current Items for Sale,Used,,23,22.0,39.99,760.38,773.82,1069.49,2025-10-11T15:48:00.076513
4842-1,Last 6 Months Sales,New,3.0,3,,41.49,277.69,277.69,431.57,2025-10-11T15:49:18.473670
4842-1,Last 6 Months Sales,Used,10.0,10,,1.71,95.53,95.53,245.8,2025-10-11T15:49:18.473670
4842-1,Current Items for Sale,New,,65,63.0,9.28,285.14,284.14,648.34,2025-10-11T15:49:18.473670
4842-1,Current Items for Sale,Used,,117,117.0,57.62,155.21,155.21,365.54,2025-10-11T15:49:18.473670
5893-1,Last 6 Months Sales,New,0.0,0,,,,,,2025-10-11T15:50:31.280155
5893-1,Last 6 Months Sales,Used,2.0,2,,39.04,42.74,42.74,46.45,2025-10-11T15:50:31.280155
5893-1,Current Items for Sale,New,,34,23.0,69.37,112.63,108.02,170.0,2025-10-11T15:50:31.280155
5893-1,Current Items for Sale,Used,,27,27.0,24.66,57.04,57.04,105.0,2025-10-11T15:50:31.280155
8043-1,Last 6 Months Sales,New,6.0,6,,299.0,425.48,425.48,536.01,2025-10-11T18:47:05.337982
8043-1,Last 6 Months Sales,Used,25.0,25,,129.66,199.62,199.62,352.18,2025-10-11T18:47:05.337982
8043-1,Current Items for Sale,New,,21,18.0,431.62,628.46,617.96,863.59,2025-10-11T18:47:05.337982
8043-1,Current Items for Sale,Used,,45,44.0,174.09,277.81,277.19,539.52,2025-10-11T18:47:05.337982
8078-1,Last 6 Months Sales,New,6.0,6,,95.0,164.77,164.77,187.0,2025-10-11T18:48:35.025289
8078-1,Last 6 Months Sales,Used,14.0,14,,40.0,79.72,79.72,125.65,2025-10-11T18:48:35.025289
8078-1,Current Items for Sale,New,,15,15.0,136.57,176.75,176.75,235.13,2025-10-11T18:48:35.025289
8078-1,Current Items for Sale,Used,,31,31.0,40.0,88.87,88.87,129.95,2025-10-11T18:48:35.025289
8098-1,Last 6 Months Sales,New,14.0,14,,21.92,373.96,373.96,512.17,2025-10-11T18:50:14.506195
8098-1,Last 6 Months Sales,Used,72.0,74,,20.4,183.25,178.86,340.33,2025-10-11T18:50:14.506195
8098-1,Current Items for Sale,New,,21,16.0,366.58,504.08,494.97,870.47,2025-10-11T18:50:14.506195
8098-1,Current Items for Sale,Used,,18,17.0,17.57,255.27,262.75,605.11,2025-10-11T18:50:14.506195
10211-1,Last 6 Months Sales,New,41.0,45,,168.81,350.1,351.39,549.0,2025-10-11T18:51:40.127414
10211-1,Last 6 Months Sales,Used,33.0,33,,132.07,287.49,287.49,393.8,2025-10-11T18:51:40.127414
10211-1,Current Items for Sale,New,,134,102.0,326.59,540.69,518.53,1728.89,2025-10-11T18:51:40.127414
10211-1,Current Items for Sale,Used,,57,56.0,259.33,370.77,373.63,750.0,2025-10-11T18:51:40.127414
10212-1,Last 6 Months Sales,New,30.0,30,,410.51,907.02,907.02,1393.08,2025-10-11T18:53:03.706695
10212-1,Last 6 Months Sales,Used,21.0,21,,230.97,532.25,532.25,864.54,2025-10-11T18:53:03.706695
10212-1,Current Items for Sale,New,,29,22.0,950.9,1317.57,1338.48,1886.68,2025-10-11T18:53:03.706695
10212-1,Current Items for Sale,Used,,19,19.0,333.25,611.19,611.19,921.5,2025-10-11T18:53:03.706695
10213-1,Last 6 Months Sales,New,1.0,1,,239.0,239.0,239.0,239.0,2025-10-11T18:54:46.140970
10213-1,Last 6 Months Sales,Used,1.0,1,,117.23,117.23,117.23,117.23,2025-10-11T18:54:46.140970
10213-1,Current Items for Sale,New,,31,30.0,266.6,403.65,405.69,599.42,2025-10-11T18:54:46.140970
10213-1,Current Items for Sale,Used,,24,24.0,99.4,200.88,200.88,400.0,2025-10-11T18:54:46.140970
10214-1,Last 6 Months Sales,New,37.0,40,,162.87,250.8,254.49,363.3,2025-10-11T18:56:38.162243
10214-1,Last 6 Months Sales,Used,12.0,12,,124.04,158.16,158.16,213.6,2025-10-11T18:56:38.162243
10214-1,Current Items for Sale,New,,281,166.0,173.67,308.8,311.05,900.0,2025-10-11T18:56:38.162243
10214-1,Current Items for Sale,Used,,75,75.0,60.51,196.73,196.73,414.94,2025-10-11T18:56:38.162243
2507-1,Last 6 Months Sales,New,6.0,6,,168.93,447.86,447.86,540.17,2025-10-11T18:58:45.808171
2507-1,Last 6 Months Sales,Used,27.0,28,,59.89,186.17,186.67,350.29,2025-10-11T18:58:45.808171
2507-1,Current Items for Sale,New,,10,10.0,345.78,504.38,504.38,631.05,2025-10-11T18:58:45.808171
2507-1,Current Items for Sale,Used,,14,14.0,22.96,198.26,198.26,432.22,2025-10-11T18:58:45.808171
4195-1,Last 6 Months Sales,New,17.0,19,,188.2,620.14,595.17,863.1,2025-10-11T19:00:48.691138
4195-1,Last 6 Months Sales,Used,31.0,31,,127.66,338.38,338.38,521.48,2025-10-11T19:00:48.691138
4195-1,Current Items for Sale,New,,58,48.0,521.26,941.8,928.54,2122.0,2025-10-11T19:00:48.691138
4195-1,Current Items for Sale,Used,,61,61.0,200.32,423.2,423.2,999.99,2025-10-11T19:00:48.691138
7964-1,Last 6 Months Sales,New,14.0,14,,410.14,566.63,566.63,679.06,2025-10-11T19:02:32.104838
7964-1,Last 6 Months Sales,Used,53.0,53,,74.1,234.22,234.22,422.15,2025-10-11T19:02:32.104838
7964-1,Current Items for Sale,New,,20,18.0,216.11,634.6,642.55,863.57,2025-10-11T19:02:32.104838
7964-1,Current Items for Sale,Used,,37,37.0,99.93,288.34,288.34,475.44,2025-10-11T19:02:32.104838
7965-1,Last 6 Months Sales,New,6.0,6,,179.32,208.7,208.7,270.0,2025-10-11T19:04:40.010413
7965-1,Last 6 Months Sales,Used,41.0,41,,28.0,88.63,88.63,144.83,2025-10-11T19:04:40.010413
7965-1,Current Items for Sale,New,,69,64.0,119.92,252.29,252.0,648.34,2025-10-11T19:04:40.010413
7965-1,Current Items for Sale,Used,,102,98.0,29.29,122.54,126.9,586.96,2025-10-11T19:04:40.010413
8070-1,Last 6 Months Sales,New,2.0,2,,138.87,151.2,151.2,163.53,2025-10-11T19:06:41.653431
8070-1,Last 6 Months Sales,Used,4.0,4,,66.99,96.14,96.14,175.61,2025-10-11T19:06:41.653431
8070-1,Current Items for Sale,New,,30,29.0,114.82,227.12,225.65,306.89,2025-10-11T19:06:41.653431
8070-1,Current Items for Sale,Used,,79,78.0,49.55,112.81,112.97,259.34,2025-10-11T19:06:41.653431
8109-1,Last 6 Months Sales,New,1.0,1,,177.75,177.75,177.75,177.75,2025-10-11T19:08:22.447009
8109-1,Last 6 Months Sales,Used,4.0,4,,85.0,117.52,117.52,147.9,2025-10-11T19:08:22.447009
8109-1,Current Items for Sale,New,,12,11.0,222.0,349.41,362.08,501.39,2025-10-11T19:08:22.447009
8109-1,Current Items for Sale,Used,,30,30.0,68.89,167.26,167.26,518.66,2025-10-11T19:08:22.447009
8110-1,Last 6 Months Sales,New,11.0,30,,168.0,254.31,228.41,360.0,2025-10-11T19:10:06.919162
8110-1,Last 6 Months Sales,Used,9.0,9,,105.83,146.75,146.75,175.0,2025-10-11T19:10:06.919162
8110-1,Current Items for Sale,New,,74,46.0,199.95,354.21,419.04,2161.12,2025-10-11T19:10:06.919162
8110-1,Current Items for Sale,Used,,42,41.0,138.73,207.44,206.78,350.0,2025-10-11T19:10:06.919162
10217-1,Last 6 Months Sales,New,5.0,9,,254.94,318.89,300.27,399.99,2025-10-11T19:11:19.647935
10217-1,Last 6 Months Sales,Used,4.0,4,,114.5,160.56,160.56,213.3,2025-10-11T19:11:19.647935
10217-1,Current Items for Sale,New,,55,50.0,233.27,425.64,413.43,750.74,2025-10-11T19:11:19.647935
10217-1,Current Items for Sale,Used,,47,46.0,108.06,238.09,235.51,371.7,2025-10-11T19:11:19.647935
10218-1,Last 6 Months Sales,New,73.0,83,,95.2,220.26,225.37,364.93,2025-10-11T19:13:16.420814
10218-1,Last 6 Months Sales,Used,27.0,27,,103.36,175.93,175.93,259.95,2025-10-11T19:13:16.420814
10218-1,Current Items for Sale,New,,302,177.0,181.68,347.66,325.07,1296.68,2025-10-11T19:13:16.420814
10218-1,Current Items for Sale,Used,,85,73.0,89.98,231.02,234.72,400.0,2025-10-11T19:13:16.420814
10219-1,Last 6 Months Sales,New,16.0,16,,199.0,391.18,391.18,600.0,2025-10-11T19:15:25.452731
10219-1,Last 6 Months Sales,Used,9.0,9,,181.0,313.84,313.84,429.08,2025-10-11T19:15:25.452731
10219-1,Current Items for Sale,New,,77,57.0,120.0,600.26,571.9,999.99,2025-10-11T19:15:25.452731
10219-1,Current Items for Sale,Used,,21,21.0,209.73,373.42,373.42,510.8,2025-10-11T19:15:25.452731
10220-1,Last 6 Months Sales,New,44.0,61,,81.0,137.3,140.69,200.79,2025-10-11T19:17:20.491566
10220-1,Last 6 Months Sales,Used,30.0,30,,43.43,70.72,70.72,104.95,2025-10-11T19:17:20.491566
10220-1,Current Items for Sale,New,,426,221.0,92.2,176.66,191.63,541.01,2025-10-11T19:17:20.491566
10220-1,Current Items for Sale,Used,,100,97.0,48.67,111.06,110.83,864.45,2025-10-11T19:17:20.491566
10221-1,Last 6 Months Sales,New,29.0,29,,500.0,953.87,953.87,2161.12,2025-10-11T19:18:52.233161
10221-1,Last 6 Months Sales,Used,15.0,15,,425.0,641.31,641.31,946.52,2025-10-11T19:18:52.233161
10221-1,Current Items for Sale,New,,43,39.0,950.9,1500.83,1477.45,3082.98,2025-10-11T19:18:52.233161
10221-1,Current Items for Sale,Used,,26,26.0,549.99,824.66,824.66,1195.0,2025-10-11T19:18:52.233161
10231-1,Last 6 Months Sales,New,3.0,3,,236.93,279.69,279.69,341.55,2025-10-11T19:20:35.173707
10231-1,Last 6 Months Sales,Used,4.0,4,,113.91,171.82,171.82,222.97,2025-10-11T19:20:35.173707
10231-1,Current Items for Sale,New,,34,32.0,291.75,434.38,426.14,597.49,2025-10-11T19:20:35.173707
10231-1,Current Items for Sale,Used,,18,18.0,141.64,212.56,212.56,400.0,2025-10-11T19:20:35.173707
21010-1,Last 6 Months Sales,New,5.0,5,,281.33,402.04,402.04,480.34,2025-10-11T19:22:26.002256
21010-1,Last 6 Months Sales,Used,9.0,9,,190.97,262.83,262.83,384.89,2025-10-11T19:22:26.002256
21010-1,Current Items for Sale,New,,27,22.0,319.85,527.58,515.2,799.99,2025-10-11T19:22:26.002256
21010-1,Current Items for Sale,Used,,16,16.0,249.83,326.85,326.85,500.0,2025-10-11T19:22:26.002256
3185-1,Last 6 Months Sales,New,1.0,1,,159.0,159.0,159.0,159.0,2025-10-11T19:24:30.134285
3185-1,Last 6 Months Sales,Used,2.0,2,,52.46,56.47,56.47,60.47,2025-10-11T19:24:30.134285
3185-1,Current Items for Sale,New,,10,9.0,126.58,189.8,189.62,269.0,2025-10-11T19:24:30.134285
3185-1,Current Items for Sale,Used,,44,43.0,21.61,70.03,69.65,170.3,2025-10-11T19:24:30.134285
9396-1,Last 6 Months Sales,New,4.0,4,,130.0,176.8,176.8,209.0,2025-10-11T19:26:39.675450
9396-1,Last 6 Months Sales,Used,8.0,8,,42.32,71.33,71.33,103.71,2025-10-11T19:26:39.675450
9396-1,Current Items for Sale,New,,20,17.0,144.41,217.04,218.35,297.39,2025-10-11T19:26:39.675450
9396-1,Current Items for Sale,Used,,63,63.0,48.44,90.06,90.06,184.98,2025-10-11T19:26:39.675450
9397-1,Last 6 Months Sales,New,2.0,2,,166.71,169.5,169.5,172.29,2025-10-11T19:28:17.678180
9397-1,Last 6 Months Sales,Used,4.0,4,,50.0,82.34,82.34,110.85,2025-10-11T19:28:17.678180
9397-1,Current Items for Sale,New,,30,25.0,166.51,240.53,238.74,379.42,2025-10-11T19:28:17.678180
9397-1,Current Items for Sale,Used,,56,54.0,75.55,118.91,121.12,211.59,2025-10-11T19:28:17.678180
9398-1,Last 6 Months Sales,New,2.0,3,,237.64,243.82,245.88,250.0,2025-10-11T19:29:39.457473
9398-1,Last 6 Months Sales,Used,7.0,7,,88.03,115.62,115.62,133.54,2025-10-11T19:29:39.457473
9398-1,Current Items for Sale,New,,65,47.0,122.19,250.74,247.26,425.0,2025-10-11T19:29:39.457473
9398-1,Current Items for Sale,Used,,58,56.0,95.09,168.09,167.84,309.0,2025-10-11T19:29:39.457473
9474-1,Last 6 Months Sales,New,23.0,24,,59.09,440.49,441.61,599.99,2025-10-11T19:31:31.597695
9474-1,Last 6 Months Sales,Used,22.0,22,,114.5,342.8,342.8,495.0,2025-10-11T19:31:31.597695
9474-1,Current Items for Sale,New,,47,43.0,54.51,594.65,589.49,1300.0,2025-10-11T19:31:31.597695
9474-1,Current Items for Sale,Used,,32,30.0,151.28,394.68,400.01,604.25,2025-10-11T19:31:31.597695
9515-1,Last 6 Months Sales,New,10.0,10,,379.59,429.33,429.33,509.03,2025-10-11T19:32:48.757925
9515-1,Last 6 Months Sales,Used,47.0,47,,54.69,172.75,172.75,284.99,2025-10-11T19:32:48.757925
9515-1,Current Items for Sale,New,,20,19.0,433.04,516.21,520.53,678.23,2025-10-11T19:32:48.757925
9515-1,Current Items for Sale,Used,,29,27.0,109.99,195.25,192.75,344.92,2025-10-11T19:32:48.757925
10223-1,Last 6 Months Sales,New,6.0,6,,150.0,303.64,303.64,449.99,2025-10-11T19:34:18.905045
10223-1,Last 6 Months Sales,Used,5.0,5,,175.86,242.67,242.67,269.99,2025-10-11T19:34:18.905045
10223-1,Current Items for Sale,New,,61,52.0,272.15,428.92,509.99,2852.68,2025-10-11T19:34:18.905045
10223-1,Current Items for Sale,Used,,8,8.0,181.53,302.01,302.01,500.0,2025-10-11T19:34:18.905045
10224-1,Last 6 Months Sales,New,25.0,25,,253.5,574.71,574.71,1050.0,2025-10-11T19:36:10.102869
10224-1,Last 6 Months Sales,Used,29.0,29,,221.62,480.49,480.49,644.86,2025-10-11T19:36:10.102869
10224-1,Current Items for Sale,New,,91,73.0,250.0,965.3,949.11,2202.0,2025-10-11T19:36:10.102869
10224-1,Current Items for Sale,Used,,41,38.0,424.93,623.71,630.15,999.95,2025-10-11T19:36:10.102869
10225-1,Last 6 Months Sales,New,9.0,9,,160.7,189.29,189.29,237.58,2025-10-11T19:37:33.805441
10225-1,Last 6 Months Sales,Used,7.0,7,,57.23,84.6,84.6,180.0,2025-10-11T19:37:33.805441
10225-1,Current Items for Sale,New,,136,101.0,93.31,307.65,292.25,1300.0,2025-10-11T19:37:33.805441
10225-1,Current Items for Sale,Used,,70,70.0,46.72,153.49,153.49,345.77,2025-10-11T19:37:33.805441
10227-1,Last 6 Months Sales,New,15.0,15,,289.91,503.04,503.04,599.0,2025-10-11T19:38:53.178094
10227-1,Last 6 Months Sales,Used,18.0,18,,264.08,326.79,326.79,460.0,2025-10-11T19:38:53.178094
10227-1,Current Items for Sale,New,,46,43.0,405.45,557.5,559.82,849.86,2025-10-11T19:38:53.178094
10227-1,Current Items for Sale,Used,,11,10.0,259.33,373.89,374.01,445.0,2025-10-11T19:38:53.178094
10228-1,Last 6 Months Sales,New,22.0,22,,240.94,422.53,422.53,543.0,2025-10-11T19:40:59.381457
10228-1,Last 6 Months Sales,Used,27.0,27,,224.38,330.08,330.08,425.0,2025-10-11T19:40:59.381457
10228-1,Current Items for Sale,New,,77,61.0,366.42,530.58,514.05,1296.66,2025-10-11T19:40:59.381457
10228-1,Current Items for Sale,Used,,27,27.0,259.33,374.22,374.22,600.0,2025-10-11T19:40:59.381457
10229-1,Last 6 Months Sales,New,16.0,17,,137.31,327.2,330.13,416.02,2025-10-11T19:42:19.213290
10229-1,Last 6 Months Sales,Used,14.0,14,,25.93,224.91,224.91,290.0,2025-10-11T19:42:19.213290
10229-1,Current Items for Sale,New,,60,39.0,271.95,383.43,355.19,901.2,2025-10-11T19:42:19.213290
10229-1,Current Items for Sale,Used,,17,17.0,216.1,260.65,260.65,324.17,2025-10-11T19:42:19.213290
10230-1,Last 6 Months Sales,New,7.0,7,,112.07,135.86,135.86,152.44,2025-10-11T19:44:12.435280
10230-1,Last 6 Months Sales,Used,6.0,6,,100.0,109.37,109.37,129.95,2025-10-11T19:44:12.435280
10230-1,Current Items for Sale,New,,94,63.0,95.09,205.23,326.94,1556.01,2025-10-11T19:44:12.435280
10230-1,Current Items for Sale,Used,,20,20.0,73.48,113.45,113.45,158.63,2025-10-11T19:44:12.435280
10232-1,Last 6 Months Sales,New,51.0,51,,99.0,272.03,272.03,410.0,2025-10-11T19:45:24.110355
10232-1,Last 6 Months Sales,Used,43.0,43,,3.42,194.05,194.05,299.99,2025-10-11T19:45:24.110355
10232-1,Current Items for Sale,New,,267,162.0,207.47,406.3,385.75,1383.11,2025-10-11T19:45:24.110355
10232-1,Current Items for Sale,Used,,89,79.0,153.65,270.75,270.8,600.0,2025-10-11T19:45:24.110355
10233-1,Last 6 Months Sales,New,23.0,27,,176.62,240.56,233.23,316.89,2025-10-11T19:47:23.430173
10233-1,Last 6 Months Sales,Used,15.0,15,,110.0,190.35,190.35,261.32,2025-10-11T19:47:23.430173
10233-1,Current Items for Sale,New,,97,61.0,185.29,323.52,415.21,1988.24,2025-10-11T19:47:23.430173
10233-1,Current Items for Sale,Used,,22,19.0,157.5,307.4,299.16,998.21,2025-10-11T19:47:23.430173
10234-1,Last 6 Months Sales,New,16.0,17,,254.95,341.55,346.75,556.19,2025-10-11T19:48:54.242367
10234-1,Last 6 Months Sales,Used,3.0,3,,223.93,242.82,242.82,269.95,2025-10-11T19:48:54.242367
10234-1,Current Items for Sale,New,,105,89.0,276.62,411.42,415.75,980.0,2025-10-11T19:48:54.242367
10234-1,Current Items for Sale,Used,,43,43.0,140.04,229.85,229.85,499.0,2025-10-11T19:48:54.242367
10235-1,Last 6 Months Sales,New,31.0,33,,96.84,190.42,187.66,337.98,2025-10-11T19:50:09.487029
10235-1,Last 6 Months Sales,Used,12.0,12,,73.32,166.26,166.26,259.95,2025-10-11T19:50:09.487029
10235-1,Current Items for Sale,New,,102,53.0,111.08,238.71,258.4,1469.56,2025-10-11T19:50:09.487029
10235-1,Current Items for Sale,Used,,22,22.0,99.98,208.7,208.7,299.95,2025-10-11T19:50:09.487029
10236-1,Last 6 Months Sales,New,69.0,69,,194.13,491.94,491.94,729.11,2025-10-11T19:52:13.140341
10236-1,Last 6 Months Sales,Used,33.0,33,,170.49,349.27,349.27,485.0,2025-10-11T19:52:13.140341
10236-1,Current Items for Sale,New,,77,70.0,128.0,672.71,670.14,3025.58,2025-10-11T19:52:13.140341
10236-1,Current Items for Sale,Used,,34,34.0,215.19,462.23,462.23,1000.0,2025-10-11T19:52:13.140341
10237-1,Last 6 Months Sales,New,23.0,24,,199.0,789.6,791.13,1057.92,2025-10-11T19:54:07.685111
10237-1,Last 6 Months Sales,Used,14.0,14,,126.07,560.61,560.61,825.0,2025-10-11T19:54:07.685111
10237-1,Current Items for Sale,New,,39,36.0,235.22,1144.43,1120.3,2495.95,2025-10-11T19:54:07.685111
10237-1,Current Items for Sale,Used,,19,19.0,238.83,630.27,630.27,1100.0,2025-10-11T19:54:07.685111
10240-1,Last 6 Months Sales,New,18.0,18,,128.04,194.31,194.31,399.0,2025-10-11T19:56:45.864515
10240-1,Last 6 Months Sales,Used,5.0,5,,105.16,127.91,127.91,155.0,2025-10-11T19:56:45.864515
10240-1,Current Items for Sale,New,,103,89.0,171.02,338.94,328.36,900.85,2025-10-11T19:56:45.864515
10240-1,Current Items for Sale,Used,,53,52.0,82.73,198.19,196.51,411.13,2025-10-11T19:56:45.864515
10937-1,Last 6 Months Sales,New,13.0,13,,137.87,175.51,175.51,240.0,2025-10-11T19:58:43.677399
10937-1,Last 6 Months Sales,Used,8.0,8,,49.99,138.22,138.22,182.31,2025-10-11T19:58:43.677399
10937-1,Current Items for Sale,New,,87,61.0,146.57,253.87,256.04,549.0,2025-10-11T19:58:43.677399
10937-1,Current Items for Sale,Used,,6,6.0,138.31,193.24,193.24,251.1,2025-10-11T19:58:43.677399
21017-1,Last 6 Months Sales,New,2.0,2,,120.57,149.78,149.78,179.0,2025-10-11T20:00:49.342154
21017-1,Last 6 Months Sales,Used,6.0,6,,46.18,104.92,104.92,164.95,2025-10-11T20:00:49.342154
21017-1,Current Items for Sale,New,,68,59.0,112.38,184.33,188.53,276.62,2025-10-11T20:00:49.342154
21017-1,Current Items for Sale,Used,,23,22.0,84.99,129.11,127.8,186.15,2025-10-11T20:00:49.342154
21050-1,Last 6 Months Sales,New,9.0,10,,125.0,235.66,242.35,307.39,2025-10-11T20:02:03.748792
21050-1,Last 6 Months Sales,Used,4.0,4,,117.24,155.31,155.31,189.95,2025-10-11T20:02:03.748792
21050-1,Current Items for Sale,New,,24,23.0,170.0,328.39,326.53,449.0,2025-10-11T20:02:03.748792
21050-1,Current Items for Sale,Used,,16,16.0,121.02,195.54,195.54,259.99,2025-10-11T20:02:03.748792
41999-1,Last 6 Months Sales,New,8.0,12,,338.42,415.85,393.84,560.0,2025-10-11T20:03:51.444753
41999-1,Last 6 Months Sales,Used,2.0,2,,197.24,239.73,239.73,282.21,2025-10-11T20:03:51.444753
41999-1,Current Items for Sale,New,,71,52.0,324.64,535.16,529.37,800.0,2025-10-11T20:03:51.444753
41999-1,Current Items for Sale,Used,,4,4.0,358.75,474.24,474.24,749.95,2025-10-11T20:03:51.444753
42000-1,Last 6 Months Sales,New,1.0,1,,227.81,227.81,227.81,227.81,2025-10-11T20:05:27.736954
42000-1,Last 6 Months Sales,Used,4.0,4,,52.11,71.49,71.49,101.39,2025-10-11T20:05:27.736954
42000-1,Current Items for Sale,New,,36,30.0,159.0,227.85,229.5,648.34,2025-10-11T20:05:27.736954
42000-1,Current Items for Sale,Used,,62,58.0,37.5,106.85,106.25,218.0,2025-10-11T20:05:27.736954
42008-1,Last 6 Months Sales,New,4.0,4,,213.3,238.69,238.69,268.02,2025-10-11T20:06:50.165818
42008-1,Last 6 Months Sales,Used,8.0,8,,65.0,98.75,98.75,122.73,2025-10-11T20:06:50.165818
42008-1,Current Items for Sale,New,,38,32.0,199.87,285.13,284.43,424.92,2025-10-11T20:06:50.165818
42008-1,Current Items for Sale,Used,,56,55.0,51.75,125.28,125.9,246.64,2025-10-11T20:06:50.165818
42009-1,Last 6 Months Sales,New,5.0,5,,244.03,305.2,305.2,350.0,2025-10-11T20:08:27.635795
42009-1,Last 6 Months Sales,Used,12.0,12,,151.26,166.91,166.91,195.12,2025-10-11T20:08:27.635795
42009-1,Current Items for Sale,New,,40,35.0,286.47,489.85,546.22,3025.58,2025-10-11T20:08:27.635795
42009-1,Current Items for Sale,Used,,69,67.0,103.34,234.45,234.55,514.45,2025-10-11T20:08:27.635795
70010-1,Last 6 Months Sales,New,3.0,3,,140.0,156.36,156.36,179.0,2025-10-11T20:10:29.602547
70010-1,Last 6 Months Sales,Used,17.0,17,,2.21,71.51,71.51,93.99,2025-10-11T20:10:29.602547
70010-1,Current Items for Sale,New,,8,6.0,179.0,222.15,216.49,308.27,2025-10-11T20:10:29.602547
70010-1,Current Items for Sale,Used,,23,22.0,58.58,101.62,105.02,179.95,2025-10-11T20:10:29.602547
70709-1,Last 6 Months Sales,New,1.0,1,,199.0,199.0,199.0,199.0,2025-10-11T20:12:34.274818
70709-1,Last 6 Months Sales,Used,6.0,6,,44.7,115.39,115.39,169.98,2025-10-11T20:12:34.274818
70709-1,Current Items for Sale,New,,8,8.0,200.0,236.27,236.27,280.08,2025-10-11T20:12:34.274818
70709-1,Current Items for Sale,Used,,10,10.0,16.12,145.64,145.64,199.95,2025-10-11T20:12:34.274818
75021-1,Last 6 Months Sales,New,25.0,29,,118.17,443.44,413.38,680.56,2025-10-13T06:42:12.105690
75021-1,Last 6 Months Sales,Used,67.0,67,,87.47,241.73,241.73,426.33,2025-10-13T06:42:12.105690
75021-1,Current Items for Sale,New,,30,25.0,499.88,640.8,640.37,937.43,2025-10-13T06:42:12.105690
75021-1,Current Items for Sale,Used,,49,46.0,21.61,281.67,281.86,509.16,2025-10-13T06:42:12.105690
10241-1,Last 6 Months Sales,New,19.0,22,,182.83,314.05,303.84,448.79,2025-10-13T06:43:35.182240
10241-1,Last 6 Months Sales,Used,10.0,10,,150.31,211.67,211.67,265.0,2025-10-13T06:43:35.182240
10241-1,Current Items for Sale,New,,49,38.0,252.16,346.73,343.13,499.99,2025-10-13T06:43:35.182240
10241-1,Current Items for Sale,Used,,9,9.0,193.64,239.91,239.91,275.0,2025-10-13T06:43:35.182240
10242-1,Last 6 Months Sales,New,17.0,17,,148.55,176.41,176.41,220.14,2025-10-13T06:44:52.134074
10242-1,Last 6 Months Sales,Used,9.0,9,,53.97,95.32,95.32,130.0,2025-10-13T06:44:52.134074
10242-1,Current Items for Sale,New,,135,98.0,154.74,216.67,215.39,480.0,2025-10-13T06:44:52.134074
10242-1,Current Items for Sale,Used,,80,77.0,54.75,119.46,118.04,189.0,2025-10-13T06:44:52.134074
10243-1,Last 6 Months Sales,New,63.0,73,,97.28,274.61,259.24,376.61,2025-10-13T06:46:03.013083
10243-1,Last 6 Months Sales,Used,48.0,48,,84.7,202.15,202.15,343.17,2025-10-13T06:46:03.013083
10243-1,Current Items for Sale,New,,281,201.0,209.73,392.61,386.38,3112.02,2025-10-13T06:46:03.013083
10243-1,Current Items for Sale,Used,,88,82.0,13.03,268.72,266.84,875.04,2025-10-13T06:46:03.013083
10244-1,Last 6 Months Sales,New,16.0,16,,77.05,154.55,154.55,219.99,2025-10-13T06:47:19.144165
10244-1,Last 6 Months Sales,Used,13.0,13,,42.67,122.28,122.28,169.0,2025-10-13T06:47:19.144165
10244-1,Current Items for Sale,New,,138,109.0,137.74,221.02,211.31,600.0,2025-10-13T06:47:19.144165
10244-1,Current Items for Sale,Used,,33,33.0,103.73,164.48,164.48,239.99,2025-10-13T06:47:19.144165
10682-1,Last 6 Months Sales,New,0.0,0,,,,,,2025-10-13T06:48:46.133149
10682-1,Last 6 Months Sales,Used,0.0,0,,,,,,2025-10-13T06:48:46.133149
10682-1,Current Items for Sale,New,,16,6.0,60.51,71.7,71.04,86.44,2025-10-13T06:48:46.133149
10682-1,Current Items for Sale,Used,,2,2.0,25.46,52.95,52.95,80.44,2025-10-13T06:48:46.133149
31026-1,Last 6 Months Sales,New,11.0,12,,46.75,79.16,76.46,105.66,2025-10-13T06:50:37.716200
31026-1,Last 6 Months Sales,Used,6.0,6,,53.18,59.21,59.21,70.69,2025-10-13T06:50:37.716200
31026-1,Current Items for Sale,New,,132,84.0,48.88,107.55,113.63,551.0,2025-10-13T06:50:37.716200
31026-1,Current Items for Sale,Used,,33,32.0,45.01,67.07,67.39,99.95,2025-10-13T06:50:37.716200
41058-1,Last 6 Months Sales,New,3.0,3,,80.0,85.53,85.53,90.0,2025-10-13T06:52:20.838498
41058-1,Last 6 Months Sales,Used,2.0,2,,31.51,41.68,41.68,51.84,2025-10-13T06:52:20.838498
41058-1,Current Items for Sale,New,,50,33.0,83.85,137.88,144.21,259.29,2025-10-13T06:52:20.838498
41058-1,Current Items for Sale,Used,,72,70.0,19.64,57.59,57.12,234.26,2025-10-13T06:52:20.838498
42025-1,Last 6 Months Sales,New,5.0,6,,130.0,185.76,177.2,229.99,2025-10-13T06:54:27.082063
42025-1,Last 6 Months Sales,Used,9.0,9,,63.9,85.78,85.78,119.84,2025-10-13T06:54:27.082063
42025-1,Current Items for Sale,New,,43,28.0,160.75,251.53,245.77,648.34,2025-10-13T06:54:27.082063
42025-1,Current Items for Sale,Used,,47,47.0,73.5,125.38,125.38,308.3,2025-10-13T06:54:27.082063
42029-1,Last 6 Months Sales,New,0.0,0,,,,,,2025-10-13T06:55:38.442206
42029-1,Last 6 Months Sales,Used,2.0,2,,47.86,50.33,50.33,52.8,2025-10-13T06:55:38.442206
42029-1,Current Items for Sale,New,,42,32.0,94.42,167.55,170.59,259.99,2025-10-13T06:55:38.442206
42029-1,Current Items for Sale,Used,,38,36.0,42.0,87.43,86.69,138.73,2025-10-13T06:55:38.442206
42030-1,Last 6 Months Sales,New,6.0,7,,217.43,292.1,283.54,369.0,2025-10-13T06:57:43.913294
42030-1,Last 6 Months Sales,Used,12.0,12,,120.0,156.07,156.07,198.13,2025-10-13T06:57:43.913294
42030-1,Current Items for Sale,New,,96,56.0,145.0,521.6,594.93,2939.13,2025-10-13T06:57:43.913294
42030-1,Current Items for Sale,Used,,66,60.0,99.98,214.84,214.53,425.0,2025-10-13T06:57:43.913294
70146-1,Last 6 Months Sales,New,2.0,2,,131.4,143.23,143.23,155.06,2025-10-13T06:59:19.011383
70146-1,Last 6 Months Sales,Used,9.0,9,,50.0,60.28,60.28,77.07,2025-10-13T06:59:19.011383
70146-1,Current Items for Sale,New,,25,9.0,99.0,167.75,125.39,215.25,2025-10-13T06:59:19.011383
70146-1,Current Items for Sale,Used,,17,17.0,15.0,70.84,70.84,142.63,2025-10-13T06:59:19.011383
70165-1,Last 6 Months Sales,New,1.0,1,,156.35,156.35,156.35,156.35,2025-10-13T07:00:40.876258
70165-1,Last 6 Months Sales,Used,9.0,9,,60.0,73.2,73.2,93.68,2025-10-13T07:00:40.876258
70165-1,Current Items for Sale,New,,23,20.0,138.81,205.76,200.68,411.84,2025-10-13T07:00:40.876258
70165-1,Current Items for Sale,Used,,36,36.0,8.64,78.83,78.83,121.01,2025-10-13T07:00:40.876258
70728-1,Last 6 Months Sales,New,5.0,5,,280.08,313.87,313.87,354.25,2025-10-13T07:02:41.902711
70728-1,Last 6 Months Sales,Used,12.0,12,,2.03,123.96,123.96,197.18,2025-10-13T07:02:41.902711
70728-1,Current Items for Sale,New,,12,12.0,323.68,370.75,370.75,455.73,2025-10-13T07:02:41.902711
70728-1,Current Items for Sale,Used,,13,13.0,21.61,165.0,165.0,215.14,2025-10-13T07:02:41.902711
70810-1,Last 6 Months Sales,New,15.0,15,,188.2,330.7,330.7,465.0,2025-10-13T07:03:55.834552
70810-1,Last 6 Months Sales,Used,4.0,4,,263.2,281.41,281.41,298.13,2025-10-13T07:03:55.834552
70810-1,Current Items for Sale,New,,58,51.0,17.29,466.62,464.17,2723.02,2025-10-13T07:03:55.834552
70810-1,Current Items for Sale,Used,,22,22.0,64.83,281.95,281.95,399.0,2025-10-13T07:03:55.834552
71006-1,Last 6 Months Sales,New,65.0,66,,166.36,458.87,458.88,585.0,2025-10-13T07:05:34.566408
71006-1,Last 6 Months Sales,Used,40.0,40,,2.5,278.67,278.67,403.93,2025-10-13T07:05:34.566408
71006-1,Current Items for Sale,New,,52,39.0,326.45,643.33,609.79,1728.9,2025-10-13T07:05:34.566408
71006-1,Current Items for Sale,Used,,38,38.0,211.06,344.19,344.19,799.99,2025-10-13T07:05:34.566408
75054-1,Last 6 Months Sales,New,21.0,22,,112.0,147.52,147.03,198.0,2025-10-13T07:07:29.962470
75054-1,Last 6 Months Sales,Used,35.0,35,,59.84,92.02,92.02,120.16,2025-10-13T07:07:29.962470
75054-1,Current Items for Sale,New,,75,62.0,47.54,208.07,209.82,349.0,2025-10-13T07:07:29.962470
75054-1,Current Items for Sale,Used,,73,70.0,60.5,122.89,123.39,250.0,2025-10-13T07:07:29.962470
75055-1,Last 6 Months Sales,New,8.0,8,,136.7,171.28,171.28,262.9,2025-10-13T07:09:19.025348
75055-1,Last 6 Months Sales,Used,13.0,13,,80.0,125.42,125.42,204.23,2025-10-13T07:09:19.025348
75055-1,Current Items for Sale,New,,49,44.0,190.18,312.03,308.51,479.95,2025-10-13T07:09:19.025348
75055-1,Current Items for Sale,Used,,106,103.0,46.16,154.6,153.37,570.53,2025-10-13T07:09:19.025348
75059-1,Last 6 Months Sales,New,21.0,21,,187.93,413.76,413.76,573.59,2025-10-13T07:11:21.802396
75059-1,Last 6 Months Sales,Used,27.0,27,,182.5,328.26,328.26,424.99,2025-10-13T07:11:21.802396
75059-1,Current Items for Sale,New,,71,68.0,383.07,600.55,594.86,1000.0,2025-10-13T07:11:21.802396
75059-1,Current Items for Sale,Used,,28,27.0,206.68,389.29,386.5,631.47,2025-10-13T07:11:21.802396
76023-1,Last 6 Months Sales,New,24.0,26,,86.86,190.19,192.41,259.03,2025-10-13T07:13:05.570613
76023-1,Last 6 Months Sales,Used,5.0,5,,110.48,131.33,131.33,168.81,2025-10-13T07:13:05.570613
76023-1,Current Items for Sale,New,,159,124.0,120.0,292.58,301.24,900.0,2025-10-13T07:13:05.570613
76023-1,Current Items for Sale,Used,,57,56.0,73.48,205.09,210.24,498.77,2025-10-13T07:13:05.570613
10247-1,Last 6 Months Sales,New,19.0,21,,146.69,244.82,235.52,296.53,2025-10-13T07:15:35.839784
10247-1,Last 6 Months Sales,Used,12.0,12,,127.41,193.35,193.35,271.02,2025-10-13T07:15:35.839784
10247-1,Current Items for Sale,New,,206,163.0,226.51,356.65,351.28,2939.13,2025-10-13T07:15:35.839784
10247-1,Current Items for Sale,Used,,84,76.0,164.25,245.43,242.56,439.99,2025-10-13T07:15:35.839784
10248-1,Last 6 Months Sales,New,19.0,21,,120.89,292.8,294.8,360.0,2025-10-13T07:17:01.289503
10248-1,Last 6 Months Sales,Used,19.0,19,,77.0,149.33,149.33,199.95,2025-10-13T07:17:01.289503
10248-1,Current Items for Sale,New,,43,36.0,226.63,353.92,358.54,516.71,2025-10-13T07:17:01.289503
10248-1,Current Items for Sale,Used,,55,51.0,141.64,209.64,207.58,308.3,2025-10-13T07:17:01.289503
41101-1,Last 6 Months Sales,New,1.0,1,,120.0,120.0,120.0,120.0,2025-10-13T07:18:58.901278
41101-1,Last 6 Months Sales,Used,10.0,10,,40.78,62.22,62.22,82.52,2025-10-13T07:18:58.901278
41101-1,Current Items for Sale,New,,50,39.0,138.3,224.22,219.87,470.32,2025-10-13T07:18:58.901278
41101-1,Current Items for Sale,Used,,55,53.0,0.86,85.93,86.52,207.47,2025-10-13T07:18:58.901278
42039-1,Last 6 Months Sales,New,6.0,6,,97.69,129.89,129.89,162.67,2025-10-13T07:20:08.830213
42039-1,Last 6 Months Sales,Used,2.0,2,,75.82,80.4,80.4,84.99,2025-10-13T07:20:08.830213
42039-1,Current Items for Sale,New,,44,39.0,144.99,193.01,190.36,648.34,2025-10-13T07:20:08.830213
42039-1,Current Items for Sale,Used,,76,70.0,36.99,98.2,97.29,259.34,2025-10-13T07:20:08.830213
42042-1,Last 6 Months Sales,New,3.0,3,,219.0,229.4,229.4,250.0,2025-10-13T07:22:07.692371
42042-1,Last 6 Months Sales,Used,6.0,6,,45.0,108.22,108.22,219.0,2025-10-13T07:22:07.692371
42042-1,Current Items for Sale,New,,63,41.0,211.82,296.71,310.79,459.99,2025-10-13T07:22:07.692371
42042-1,Current Items for Sale,Used,,36,33.0,105.0,154.13,152.93,246.64,2025-10-13T07:22:07.692371
42043-1,Last 6 Months Sales,New,17.0,19,,163.69,300.42,293.0,479.95,2025-10-13T07:24:00.749932
42043-1,Last 6 Months Sales,Used,14.0,14,,28.74,177.0,177.0,278.28,2025-10-13T07:24:00.749932
42043-1,Current Items for Sale,New,,75,67.0,249.72,426.96,425.53,863.59,2025-10-13T07:24:00.749932
42043-1,Current Items for Sale,Used,,56,48.0,126.31,244.38,251.1,425.0,2025-10-13T07:24:00.749932
60097-1,Last 6 Months Sales,New,7.0,7,,16.76,128.0,128.0,200.0,2025-10-13T07:26:10.576590
60097-1,Last 6 Months Sales,Used,11.0,11,,8.96,97.36,97.36,154.58,2025-10-13T07:26:10.576590
60097-1,Current Items for Sale,New,,155,90.0,5.74,167.32,147.98,337.46,2025-10-13T07:26:10.576590
60097-1,Current Items for Sale,Used,,29,29.0,9.39,115.0,115.0,246.67,2025-10-13T07:26:10.576590
70732-1,Last 6 Months Sales,New,3.0,3,,292.12,369.23,369.23,450.0,2025-10-13T07:30:35.838517
70732-1,Last 6 Months Sales,Used,13.0,13,,128.74,179.94,179.94,210.0,2025-10-13T07:30:35.838517
70732-1,Current Items for Sale,New,,8,8.0,330.64,398.82,398.82,550.0,2025-10-13T07:30:35.838517
70732-1,Current Items for Sale,Used,,12,12.0,128.8,217.25,217.25,280.0,2025-10-13T07:30:35.838517
70738-1,Last 6 Months Sales,New,9.0,9,,205.71,319.74,319.74,390.0,2025-10-13T07:32:25.389833
70738-1,Last 6 Months Sales,Used,23.0,24,,15.07,129.31,129.55,164.67,2025-10-13T07:32:25.389833
70738-1,Current Items for Sale,New,,5,5.0,310.1,375.56,375.56,486.25,2025-10-13T07:32:25.389833
70738-1,Current Items for Sale,Used,,19,19.0,80.0,150.73,150.73,289.18,2025-10-13T07:32:25.389833
70751-1,Last 6 Months Sales,New,21.0,21,,150.0,356.41,356.41,421.89,2025-10-13T07:34:05.560002
70751-1,Last 6 Months Sales,Used,15.0,15,,204.16,262.58,262.58,306.91,2025-10-13T07:34:05.560002
70751-1,Current Items for Sale,New,,76,57.0,73.48,423.28,417.4,753.3,2025-10-13T07:34:05.560002
70751-1,Current Items for Sale,Used,,25,23.0,141.64,310.1,306.73,374.49,2025-10-13T07:34:05.560002
71016-1,Last 6 Months Sales,New,66.0,67,,274.98,512.02,511.21,1115.49,2025-10-13T07:35:33.414647
71016-1,Last 6 Months Sales,Used,27.0,27,,174.09,377.49,377.49,478.07,2025-10-13T07:35:33.414647
71016-1,Current Items for Sale,New,,30,27.0,403.06,673.28,670.08,1122.92,2025-10-13T07:35:33.414647
71016-1,Current Items for Sale,Used,,18,18.0,144.41,424.46,424.46,799.99,2025-10-13T07:35:33.414647
75060-1,Last 6 Months Sales,New,47.0,47,,136.1,385.28,385.28,554.42,2025-10-13T07:37:41.756672
75060-1,Last 6 Months Sales,Used,43.0,43,,70.0,297.42,297.42,440.21,2025-10-13T07:37:41.756672
75060-1,Current Items for Sale,New,,204,75.0,258.47,537.03,521.83,1199.99,2025-10-13T07:37:41.756672
75060-1,Current Items for Sale,Used,,57,55.0,251.1,368.39,365.17,750.0,2025-10-13T07:37:41.756672
75095-1,Last 6 Months Sales,New,40.0,40,,99.8,268.48,268.48,377.61,2025-10-13T07:39:43.622700
75095-1,Last 6 Months Sales,Used,24.0,24,,126.15,184.49,184.49,223.33,2025-10-13T07:39:43.622700
75095-1,Current Items for Sale,New,,134,105.0,233.4,356.02,370.04,919.99,2025-10-13T07:39:43.622700
75095-1,Current Items for Sale,Used,,32,32.0,154.15,234.75,234.75,350.0,2025-10-13T07:39:43.622700
75104-1,Last 6 Months Sales,New,13.0,13,,51.05,98.34,98.34,130.0,2025-10-13T07:41:07.730642
75104-1,Last 6 Months Sales,Used,32.0,32,,22.14,52.82,52.82,80.0,2025-10-13T07:41:07.730642
75104-1,Current Items for Sale,New,,133,98.0,55.49,138.58,136.29,379.99,2025-10-13T07:41:07.730642
75104-1,Current Items for Sale,Used,,76,76.0,21.61,70.23,70.23,259.34,2025-10-13T07:41:07.730642
75105-1,Last 6 Months Sales,New,30.0,32,,90.62,129.26,130.03,159.27,2025-10-13T07:42:30.847062
75105-1,Last 6 Months Sales,Used,33.0,33,,30.0,62.86,62.86,99.75,2025-10-13T07:42:30.847062
75105-1,Current Items for Sale,New,,201,146.0,99.15,173.51,173.08,345.78,2025-10-13T07:42:30.847062
75105-1,Current Items for Sale,Used,,159,153.0,38.9,97.78,98.35,253.07,2025-10-13T07:42:30.847062
75106-1,Last 6 Months Sales,New,10.0,10,,176.46,244.88,244.88,283.63,2025-10-13T07:44:39.928196
75106-1,Last 6 Months Sales,Used,14.0,14,,37.01,131.43,131.43,224.0,2025-10-13T07:44:39.928196
75106-1,Current Items for Sale,New,,42,41.0,86.01,251.9,252.07,345.78,2025-10-13T07:44:39.928196
75106-1,Current Items for Sale,Used,,33,33.0,55.32,166.79,166.79,345.77,2025-10-13T07:44:39.928196
75919-1,Last 6 Months Sales,New,16.0,19,,140.88,350.61,355.5,599.95,2025-10-13T07:46:56.898944
75919-1,Last 6 Months Sales,Used,18.0,18,,76.69,171.83,171.83,262.44,2025-10-13T07:46:56.898944
75919-1,Current Items for Sale,New,,21,18.0,193.29,444.35,455.3,666.22,2025-10-13T07:46:56.898944
75919-1,Current Items for Sale,Used,,11,11.0,5.55,216.92,216.92,283.29,2025-10-13T07:46:56.898944
76035-1,Last 6 Months Sales,New,19.0,19,,92.8,147.9,147.9,202.38,2025-10-13T07:48:16.690880
76035-1,Last 6 Months Sales,Used,22.0,22,,10.31,87.27,87.27,170.41,2025-10-13T07:48:16.690880
76035-1,Current Items for Sale,New,,47,43.0,22.48,171.67,176.37,407.62,2025-10-13T07:48:16.690880
76035-1,Current Items for Sale,Used,,20,20.0,4.32,84.86,84.86,149.99,2025-10-13T07:48:16.690880
76042-1,Last 6 Months Sales,New,15.0,15,,169.38,405.77,405.77,534.64,2025-10-13T07:50:12.440235
76042-1,Last 6 Months Sales,Used,6.0,6,,159.86,232.3,232.3,335.0,2025-10-13T07:50:12.440235
76042-1,Current Items for Sale,New,,92,76.0,43.22,509.99,511.58,1033.41,2025-10-13T07:50:12.440235
76042-1,Current Items for Sale,Used,,28,27.0,7.78,326.93,315.53,499.95,2025-10-13T07:50:12.440235
10251-1,Last 6 Months Sales,New,43.0,46,,133.59,374.19,367.91,596.38,2025-10-13T07:52:50.206396
10251-1,Last 6 Months Sales,Used,40.0,40,,113.33,337.99,337.99,470.87,2025-10-13T07:52:50.206396
10251-1,Current Items for Sale,New,,133,111.0,376.65,589.91,584.3,1728.89,2025-10-13T07:52:50.206396
10251-1,Current Items for Sale,Used,,50,44.0,269.71,429.09,419.45,622.36,2025-10-13T07:52:50.206396
10252-1,Last 6 Months Sales,New,35.0,105,,56.88,106.06,101.13,132.87,2025-10-13T07:56:03.167048
10252-1,Last 6 Months Sales,Used,16.0,16,,50.87,69.94,69.94,87.6,2025-10-13T07:56:03.167048
10252-1,Current Items for Sale,New,,590,217.0,81.76,155.4,152.66,490.0,2025-10-13T07:56:03.167048
10252-1,Current Items for Sale,Used,,60,60.0,57.41,95.83,95.83,172.89,2025-10-13T07:56:03.167048
10253-1,Last 6 Months Sales,New,16.0,17,,167.36,321.01,322.71,384.64,2025-10-13T07:58:08.974251
10253-1,Last 6 Months Sales,Used,9.0,9,,195.66,219.31,219.31,256.32,2025-10-13T07:58:08.974251
10253-1,Current Items for Sale,New,,89,79.0,265.82,400.13,402.61,650.0,2025-10-13T07:58:08.974251
10253-1,Current Items for Sale,Used,,43,43.0,157.5,245.12,245.12,499.0,2025-10-13T07:58:08.974251
10705-1,Last 6 Months Sales,New,0.0,0,,,,,,2025-10-13T08:00:08.490706
10705-1,Last 6 Months Sales,Used,0.0,0,,,,,,2025-10-13T08:00:08.490706
10705-1,Current Items for Sale,New,,1,1.0,142.19,142.19,142.19,142.19,2025-10-13T08:00:08.490706
10705-1,Current Items for Sale,Used,,2,2.0,65.32,95.16,95.16,124.99,2025-10-13T08:00:08.490706
21030-1,Last 6 Months Sales,New,25.0,43,,99.0,140.29,134.44,176.31,2025-10-13T08:01:23.922298
21030-1,Last 6 Months Sales,Used,15.0,15,,46.58,74.51,74.51,103.64,2025-10-13T08:01:23.922298
21030-1,Current Items for Sale,New,,127,92.0,98.49,158.37,154.35,399.0,2025-10-13T08:01:23.922298
21030-1,Current Items for Sale,Used,,60,58.0,34.58,95.8,95.85,143.61,2025-10-13T08:01:23.922298
40179-1,Last 6 Months Sales,New,3.0,5,,44.75,60.86,63.52,70.33,2025-10-13T08:02:35.330114
40179-1,Last 6 Months Sales,Used,0.0,0,,,,,,2025-10-13T08:02:35.330114
40179-1,Current Items for Sale,New,,67,37.0,55.49,97.62,96.03,223.94,2025-10-13T08:02:35.330114
40179-1,Current Items for Sale,Used,,0,0.0,,,,,2025-10-13T08:02:35.330114
21128-1,Last 6 Months Sales,New,4.0,4,,456.47,592.2,592.2,718.0,2025-10-13T08:04:17.871887
21128-1,Last 6 Months Sales,Used,5.0,5,,300.0,336.2,336.2,380.0,2025-10-13T08:04:17.871887
21128-1,Current Items for Sale,New,,4,4.0,605.11,710.08,710.08,755.37,2025-10-13T08:04:17.871887
21128-1,Current Items for Sale,Used,,6,6.0,345.78,522.69,522.69,608.74,2025-10-13T08:04:17.871887
41130-1,Last 6 Months Sales,New,6.0,6,,98.12,127.82,127.82,155.0,2025-10-13T08:05:56.359878
41130-1,Last 6 Months Sales,Used,7.0,7,,29.83,35.23,35.23,40.0,2025-10-13T08:05:56.359878
41130-1,Current Items for Sale,New,,36,33.0,73.65,141.49,144.8,250.0,2025-10-13T08:05:56.359878
41130-1,Current Items for Sale,Used,,76,73.0,24.4,63.28,63.78,160.0,2025-10-13T08:05:56.359878
41180-1,Last 6 Months Sales,New,2.0,2,,59.74,104.67,104.67,149.61,2025-10-13T08:07:37.866214
41180-1,Last 6 Months Sales,Used,10.0,10,,56.42,86.08,86.08,106.93,2025-10-13T08:07:37.866214
41180-1,Current Items for Sale,New,,20,14.0,140.0,178.63,183.84,270.57,2025-10-13T08:07:37.866214
41180-1,Current Items for Sale,Used,,33,31.0,33.11,94.64,95.8,138.31,2025-10-13T08:07:37.866214
42052-1,Last 6 Months Sales,New,5.0,5,,159.99,182.06,182.06,199.7,2025-10-13T08:09:09.542837
42052-1,Last 6 Months Sales,Used,2.0,2,,85.5,96.4,96.4,107.3,2025-10-13T08:09:09.542837
42052-1,Current Items for Sale,New,,47,39.0,144.41,207.99,205.44,329.44,2025-10-13T08:09:09.542837
42052-1,Current Items for Sale,Used,,37,35.0,60.0,112.08,111.69,262.78,2025-10-13T08:09:09.542837
42053-1,Last 6 Months Sales,New,4.0,4,,172.0,190.74,190.74,210.98,2025-10-13T10:54:26.164630
42053-1,Last 6 Months Sales,Used,4.0,4,,50.0,79.0,79.0,90.0,2025-10-13T10:54:26.164630
42053-1,Current Items for Sale,New,,40,33.0,133.3,191.67,190.47,312.99,2025-10-13T10:54:26.164630
42053-1,Current Items for Sale,Used,,34,31.0,67.99,111.23,110.83,250.69,2025-10-13T10:54:26.164630
42054-1,Last 6 Months Sales,New,8.0,9,,170.98,269.6,274.08,359.95,2025-10-13T10:56:31.242523
42054-1,Last 6 Months Sales,Used,9.0,9,,105.0,143.46,143.46,169.95,2025-10-13T10:56:31.242523
42054-1,Current Items for Sale,New,,76,55.0,172.89,304.04,292.3,800.0,2025-10-13T10:56:31.242523
42054-1,Current Items for Sale,Used,,40,36.0,125.35,219.61,223.46,374.31,2025-10-13T10:56:31.242523
42055-1,Last 6 Months Sales,New,19.0,22,,124.48,333.95,328.75,479.0,2025-10-13T10:58:01.798392
42055-1,Last 6 Months Sales,Used,11.0,11,,148.76,198.09,198.09,257.44,2025-10-13T10:58:01.798392
42055-1,Current Items for Sale,New,,69,49.0,292.88,476.17,463.44,863.59,2025-10-13T10:58:01.798392
42055-1,Current Items for Sale,Used,,61,60.0,179.95,270.07,270.81,396.78,2025-10-13T10:58:01.798392
42056-1,Last 6 Months Sales,New,39.0,44,,177.73,612.43,603.64,966.38,2025-10-13T10:59:52.053816
42056-1,Last 6 Months Sales,Used,26.0,26,,213.77,366.56,366.56,580.45,2025-10-13T10:59:52.053816
42056-1,Current Items for Sale,New,,128,99.0,649.99,901.96,917.49,2000.0,2025-10-13T10:59:52.053816
42056-1,Current Items for Sale,Used,,59,58.0,332.99,493.08,493.19,912.84,2025-10-13T10:59:52.053816
60125-1,Last 6 Months Sales,New,3.0,3,,197.18,223.5,223.5,259.0,2025-10-13T11:01:09.749118
60125-1,Last 6 Months Sales,Used,2.0,2,,123.67,137.1,137.1,150.54,2025-10-13T11:01:09.749118
60125-1,Current Items for Sale,New,,19,17.0,59.71,203.15,202.03,259.34,2025-10-13T11:01:09.749118
60125-1,Current Items for Sale,Used,,9,9.0,120.0,153.46,153.46,194.5,2025-10-13T11:01:09.749118
70317-1,Last 6 Months Sales,New,3.0,3,,109.99,164.41,164.41,212.48,2025-10-13T11:03:03.367114
70317-1,Last 6 Months Sales,Used,8.0,8,,51.2,81.46,81.46,110.07,2025-10-13T11:03:03.367114
70317-1,Current Items for Sale,New,,28,18.0,75.0,180.24,198.6,295.0,2025-10-13T11:03:03.367114
70317-1,Current Items for Sale,Used,,46,46.0,2.03,81.74,81.74,119.95,2025-10-13T11:03:03.367114
70323-1,Last 6 Months Sales,New,10.0,11,,111.1,150.58,147.8,175.73,2025-10-13T11:04:34.588074
70323-1,Last 6 Months Sales,Used,10.0,10,,45.0,72.99,72.99,116.96,2025-10-13T11:04:34.588074
70323-1,Current Items for Sale,New,,19,15.0,119.89,184.01,181.06,251.1,2025-10-13T11:04:34.588074
70323-1,Current Items for Sale,Used,,26,25.0,30.26,96.42,94.77,172.89,2025-10-13T11:04:34.588074
70595-1,Last 6 Months Sales,New,7.0,7,,99.99,291.99,291.99,361.2,2025-10-13T11:06:19.003650
70595-1,Last 6 Months Sales,Used,19.0,19,,62.05,110.49,110.49,140.76,2025-10-13T11:06:19.003650
70595-1,Current Items for Sale,New,,7,6.0,308.3,373.78,373.0,500.0,2025-10-13T11:06:19.003650
70595-1,Current Items for Sale,Used,,28,23.0,12.0,118.56,121.05,200.0,2025-10-13T11:06:19.003650
70596-1,Last 6 Months Sales,New,3.0,3,,279.77,284.78,284.78,289.95,2025-10-13T11:08:16.991005
70596-1,Last 6 Months Sales,Used,6.0,6,,65.0,212.35,212.35,350.19,2025-10-13T11:08:16.991005
70596-1,Current Items for Sale,New,,4,4.0,311.19,389.8,389.8,450.0,2025-10-13T11:08:16.991005
70596-1,Current Items for Sale,Used,,10,10.0,80.71,228.23,228.23,365.9,2025-10-13T11:08:16.991005
75098-1,Last 6 Months Sales,New,21.0,21,,154.24,421.88,421.88,649.99,2025-10-13T11:10:21.636121
75098-1,Last 6 Months Sales,Used,12.0,13,,13.21,297.86,298.01,414.28,2025-10-13T11:10:21.636121
75098-1,Current Items for Sale,New,,46,41.0,133.99,560.43,551.38,1000.0,2025-10-13T11:10:21.636121
75098-1,Current Items for Sale,Used,,9,9.0,83.31,294.89,294.89,432.22,2025-10-13T11:10:21.636121
75159-1,Last 6 Months Sales,New,33.0,34,,188.2,850.15,850.48,2126.57,2025-10-13T11:12:03.012039
75159-1,Last 6 Months Sales,Used,25.0,25,,18.76,510.19,510.19,702.98,2025-10-13T11:12:03.012039
75159-1,Current Items for Sale,New,,40,34.0,874.2,1121.75,1123.55,2000.0,2025-10-13T11:12:03.012039
75159-1,Current Items for Sale,Used,,15,15.0,180.5,767.48,767.48,1037.34,2025-10-13T11:12:03.012039
75827-1,Last 6 Months Sales,New,27.0,27,,186.65,559.2,559.2,838.26,2025-10-13T11:13:57.909364
75827-1,Last 6 Months Sales,Used,16.0,16,,381.03,505.12,505.12,600.96,2025-10-13T11:13:57.909364
75827-1,Current Items for Sale,New,,76,68.0,461.0,848.61,825.02,2000.0,2025-10-13T11:13:57.909364
75827-1,Current Items for Sale,Used,,28,28.0,267.98,612.97,612.97,856.58,2025-10-13T11:13:57.909364
76052-1,Last 6 Months Sales,New,28.0,31,,168.56,219.44,217.42,255.9,2025-10-13T11:15:09.556806
76052-1,Last 6 Months Sales,Used,7.0,7,,110.19,177.88,177.88,214.44,2025-10-13T11:15:09.556806
76052-1,Current Items for Sale,New,,169,117.0,22.67,320.47,360.36,1625.17,2025-10-13T11:15:09.556806
76052-1,Current Items for Sale,Used,,14,14.0,43.21,171.21,171.21,249.0,2025-10-13T11:15:09.556806
76057-1,Last 6 Months Sales,New,14.0,14,,202.77,238.49,238.49,279.86,2025-10-13T11:16:35.078399
76057-1,Last 6 Months Sales,Used,10.0,10,,91.0,182.14,182.14,214.08,2025-10-13T11:16:35.078399
76057-1,Current Items for Sale,New,,33,31.0,199.0,281.32,280.5,518.67,2025-10-13T11:16:35.078399
76057-1,Current Items for Sale,Used,,12,12.0,16.66,136.52,136.52,219.42,2025-10-13T11:16:35.078399
10256-1,Last 6 Months Sales,New,9.0,9,,208.67,339.28,339.28,440.0,2025-10-13T11:18:12.046539
10256-1,Last 6 Months Sales,Used,8.0,8,,127.47,210.24,210.24,280.12,2025-10-13T11:18:12.046539
10256-1,Current Items for Sale,New,,126,101.0,10.0,458.36,462.14,1071.42,2025-10-13T11:18:12.046539
10256-1,Current Items for Sale,Used,,28,27.0,202.5,294.8,291.5,367.5,2025-10-13T11:18:12.046539
10257-1,Last 6 Months Sales,New,24.0,168,,141.12,261.2,176.59,396.0,2025-10-13T11:20:00.577545
10257-1,Last 6 Months Sales,Used,9.0,9,,118.45,196.12,196.12,247.31,2025-10-13T11:20:00.577545
10257-1,Current Items for Sale,New,,153,136.0,272.15,386.27,384.56,864.45,2025-10-13T11:20:00.577545
10257-1,Current Items for Sale,Used,,59,55.0,198.82,262.11,260.1,499.0,2025-10-13T11:20:00.577545
10258-1,Last 6 Months Sales,New,28.0,31,,75.78,107.57,107.08,152.85,2025-10-13T11:21:57.647983
10258-1,Last 6 Months Sales,Used,16.0,16,,30.0,59.98,59.98,85.0,2025-10-13T11:21:57.647983
10258-1,Current Items for Sale,New,,591,200.0,86.2,152.88,149.42,400.0,2025-10-13T11:21:57.647983
10258-1,Current Items for Sale,Used,,70,68.0,21.61,82.32,82.25,137.99,2025-10-13T11:21:57.647983
21136-1,Last 6 Months Sales,New,4.0,5,,147.25,180.53,178.15,237.95,2025-10-13T11:23:29.211485
21136-1,Last 6 Months Sales,Used,2.0,2,,110.08,110.85,110.85,111.61,2025-10-13T11:23:29.211485
21136-1,Current Items for Sale,New,,19,18.0,134.43,241.11,237.89,414.89,2025-10-13T11:23:29.211485
21136-1,Current Items for Sale,Used,,8,8.0,80.35,107.19,107.19,169.0,2025-10-13T11:23:29.211485
21137-1,Last 6 Months Sales,New,2.0,2,,1199.0,1291.42,1291.42,1383.84,2025-10-13T11:25:32.934358
21137-1,Last 6 Months Sales,Used,7.0,7,,39.48,474.98,474.98,689.24,2025-10-13T11:25:32.934358
21137-1,Current Items for Sale,New,,13,11.0,1000.0,1519.33,1547.13,1728.9,2025-10-13T11:25:32.934358
21137-1,Current Items for Sale,Used,,15,15.0,415.61,662.69,662.69,1210.23,2025-10-13T11:25:32.934358
21309-1,Last 6 Months Sales,New,59.0,71,,43.13,144.97,143.39,223.34,2025-10-13T11:27:36.618634
21309-1,Last 6 Months Sales,Used,21.0,21,,61.42,99.97,99.97,170.12,2025-10-13T11:27:36.618634
21309-1,Current Items for Sale,New,,390,231.0,110.75,210.54,210.09,767.63,2025-10-13T11:27:36.618634
21309-1,Current Items for Sale,Used,,46,45.0,61.65,130.04,130.47,246.64,2025-10-13T11:27:36.618634
21310-1,Last 6 Months Sales,New,40.0,47,,95.27,315.05,298.52,406.96,2025-10-13T11:30:29.461241
21310-1,Last 6 Months Sales,Used,31.0,31,,154.94,263.99,263.99,378.47,2025-10-13T11:30:29.461241
21310-1,Current Items for Sale,New,,173,143.0,294.37,445.48,448.41,856.34,2025-10-13T11:30:29.461241
21310-1,Current Items for Sale,Used,,56,52.0,205.5,315.65,309.53,500.0,2025-10-13T11:30:29.461241
40174-1,Last 6 Months Sales,New,19.0,24,,54.19,81.03,80.07,111.8,2025-10-13T11:32:32.308609
40174-1,Last 6 Months Sales,Used,5.0,5,,30.76,41.17,41.17,52.1,2025-10-13T11:32:32.308609
40174-1,Current Items for Sale,New,,102,73.0,62.24,98.28,102.56,213.43,2025-10-13T11:32:32.308609
40174-1,Current Items for Sale,Used,,19,19.0,36.31,46.83,46.83,85.19,2025-10-13T11:32:32.308609
41239-1,Last 6 Months Sales,New,1.0,1,,88.0,88.0,88.0,88.0,2025-10-13T11:33:43.133188
41239-1,Last 6 Months Sales,Used,2.0,2,,41.31,47.46,47.46,53.62,2025-10-13T11:33:43.133188
41239-1,Current Items for Sale,New,,29,22.0,71.25,97.37,95.52,205.31,2025-10-13T11:33:43.133188
41239-1,Current Items for Sale,Used,,11,11.0,52.41,67.68,67.68,86.3,2025-10-13T11:33:43.133188
42064-1,Last 6 Months Sales,New,5.0,7,,56.42,139.47,115.74,185.0,2025-10-13T11:35:34.145966
42064-1,Last 6 Months Sales,Used,5.0,5,,59.9,82.16,82.16,111.6,2025-10-13T11:35:34.145966
42064-1,Current Items for Sale,New,,31,30.0,114.77,195.51,195.3,273.47,2025-10-13T11:35:34.145966
42064-1,Current Items for Sale,Used,,40,40.0,62.79,97.56,97.56,151.09,2025-10-13T11:35:34.145966
42066-1,Last 6 Months Sales,New,3.0,3,,120.0,127.66,127.66,131.92,2025-10-13T11:36:50.418396
42066-1,Last 6 Months Sales,Used,0.0,0,,,,,,2025-10-13T11:36:50.418396
42066-1,Current Items for Sale,New,,43,33.0,130.0,172.95,169.45,259.29,2025-10-13T11:36:50.418396
42066-1,Current Items for Sale,Used,,28,27.0,57.41,108.58,108.99,241.12,2025-10-13T11:36:50.418396
42068-1,Last 6 Months Sales,New,1.0,1,,152.99,152.99,152.99,152.99,2025-10-13T11:38:51.105275
42068-1,Last 6 Months Sales,Used,5.0,5,,51.9,62.69,62.69,76.77,2025-10-13T11:38:51.105275
42068-1,Current Items for Sale,New,,12,12.0,198.81,222.23,222.23,299.42,2025-10-13T11:38:51.105275
42068-1,Current Items for Sale,Used,,29,29.0,60.0,100.39,100.39,184.98,2025-10-13T11:38:51.105275
42069-1,Last 6 Months Sales,New,2.0,2,,156.99,161.53,161.53,166.07,2025-10-13T11:40:22.489408
42069-1,Last 6 Months Sales,Used,3.0,3,,80.95,90.31,90.31,104.0,2025-10-13T11:40:22.489408
42069-1,Current Items for Sale,New,,40,32.0,158.64,210.28,214.01,400.0,2025-10-13T11:40:22.489408
42069-1,Current Items for Sale,Used,,30,30.0,86.12,139.01,139.01,259.33,2025-10-13T11:40:22.489408
42070-1,Last 6 Months Sales,New,8.0,8,,155.05,226.37,226.37,283.97,2025-10-13T11:42:23.390879
42070-1,Last 6 Months Sales,Used,3.0,3,,137.75,166.89,166.89,215.39,2025-10-13T11:42:23.390879
42070-1,Current Items for Sale,New,,67,61.0,237.72,313.34,312.7,699.0,2025-10-13T11:42:23.390879
42070-1,Current Items for Sale,Used,,53,51.0,103.5,193.56,193.05,670.8,2025-10-13T11:42:23.390879
60162-1,Last 6 Months Sales,New,1.0,1,,201.0,201.0,201.0,201.0,2025-10-13T11:43:51.390505
60162-1,Last 6 Months Sales,Used,2.0,2,,153.77,162.73,162.73,171.7,2025-10-13T11:43:51.390505
60162-1,Current Items for Sale,New,,14,13.0,172.89,257.07,259.7,345.77,2025-10-13T11:43:51.390505
60162-1,Current Items for Sale,Used,,2,2.0,150.0,151.93,151.93,153.86,2025-10-13T11:43:51.390505
70357-1,Last 6 Months Sales,New,2.0,2,,150.0,186.99,186.99,223.98,2025-10-13T11:45:24.662607
70357-1,Last 6 Months Sales,Used,6.0,6,,83.65,102.1,102.1,124.73,2025-10-13T11:45:24.662607
70357-1,Current Items for Sale,New,,11,10.0,172.88,245.57,246.03,349.99,2025-10-13T11:45:24.662607
70357-1,Current Items for Sale,Used,,9,9.0,84.51,128.47,128.47,187.9,2025-10-13T11:45:24.662607
70617-1,Last 6 Months Sales,New,5.0,5,,21.89,83.23,83.23,119.68,2025-10-13T11:47:38.197504
70617-1,Last 6 Months Sales,Used,9.0,9,,10.0,66.0,66.0,79.92,2025-10-13T11:47:38.197504
70617-1,Current Items for Sale,New,,45,40.0,77.08,148.9,150.72,345.78,2025-10-13T11:47:38.197504
70617-1,Current Items for Sale,Used,,36,36.0,18.5,86.61,86.61,172.89,2025-10-13T11:47:38.197504
70618-1,Last 6 Months Sales,New,31.0,33,,98.26,235.75,231.41,334.55,2025-10-13T11:49:46.703980
70618-1,Last 6 Months Sales,Used,25.0,25,,95.0,149.43,149.43,213.2,2025-10-13T11:49:46.703980
70618-1,Current Items for Sale,New,,121,76.0,172.24,272.19,270.63,432.22,2025-10-13T11:49:46.703980
70618-1,Current Items for Sale,Used,,41,40.0,119.0,184.39,183.37,302.56,2025-10-13T11:49:46.703980
70620-1,Last 6 Months Sales,New,29.0,29,,150.0,605.23,605.23,775.73,2025-10-13T11:51:16.309346
70620-1,Last 6 Months Sales,Used,24.0,24,,236.16,460.29,460.29,637.17,2025-10-13T11:51:16.309346
70620-1,Current Items for Sale,New,,95,89.0,599.99,796.08,797.53,1296.68,2025-10-13T11:51:16.309346
70620-1,Current Items for Sale,Used,,40,36.0,255.49,533.17,523.61,750.0,2025-10-13T11:51:16.309346
70627-1,Last 6 Months Sales,New,5.0,5,,165.56,205.34,205.34,249.35,2025-10-13T11:52:52.233065
70627-1,Last 6 Months Sales,Used,16.0,16,,40.2,101.06,101.06,139.95,2025-10-13T11:52:52.233065
70627-1,Current Items for Sale,New,,5,5.0,141.21,183.06,183.06,239.84,2025-10-13T11:52:52.233065
70627-1,Current Items for Sale,Used,,15,14.0,16.0,121.86,123.73,407.64,2025-10-13T11:52:52.233065
70632-1,Last 6 Months Sales,New,6.0,6,,110.53,137.78,137.78,165.54,2025-10-13T11:54:49.357046
70632-1,Last 6 Months Sales,Used,7.0,7,,78.16,95.87,95.87,112.25,2025-10-13T11:54:49.357046
70632-1,Current Items for Sale,New,,16,11.0,115.29,150.54,145.03,227.83,2025-10-13T11:54:49.357046
70632-1,Current Items for Sale,Used,,16,16.0,78.55,103.89,103.89,139.95,2025-10-13T11:54:49.357046
70909-1,Last 6 Months Sales,New,12.0,12,,47.48,104.49,104.49,132.73,2025-10-13T11:56:35.332692
70909-1,Last 6 Months Sales,Used,14.0,14,,33.62,62.25,62.25,77.51,2025-10-13T11:56:35.332692
70909-1,Current Items for Sale,New,,57,44.0,31.53,135.62,133.49,201.99,2025-10-13T11:56:35.332692
70909-1,Current Items for Sale,Used,,38,38.0,24.66,73.36,73.36,139.95,2025-10-13T11:56:35.332692
70912-1,Last 6 Months Sales,New,15.0,15,,6.78,165.11,165.11,220.0,2025-10-13T11:58:27.939930
70912-1,Last 6 Months Sales,Used,9.0,9,,85.0,130.74,130.74,162.67,2025-10-13T11:58:27.939930
70912-1,Current Items for Sale,New,,57,48.0,154.15,240.06,236.24,518.67,2025-10-13T11:58:27.939930
70912-1,Current Items for Sale,Used,,10,10.0,103.73,145.41,145.41,194.5,2025-10-13T11:58:27.939930
70916-1,Last 6 Months Sales,New,8.0,9,,46.89,98.27,92.57,127.5,2025-10-13T12:00:31.710947
70916-1,Last 6 Months Sales,Used,12.0,12,,33.43,59.97,59.97,80.0,2025-10-13T12:00:31.710947
70916-1,Current Items for Sale,New,,69,51.0,4.91,125.3,124.88,233.4,2025-10-13T12:00:31.710947
70916-1,Current Items for Sale,Used,,12,12.0,46.68,67.4,67.4,90.0,2025-10-13T12:00:31.710947
70917-1,Last 6 Months Sales,New,14.0,14,,23.99,126.01,126.01,225.27,2025-10-13T12:01:59.927753
70917-1,Last 6 Months Sales,Used,11.0,11,,5.12,122.3,122.3,208.9,2025-10-13T12:01:59.927753
70917-1,Current Items for Sale,New,,40,35.0,162.64,230.71,228.8,470.44,2025-10-13T12:01:59.927753
70917-1,Current Items for Sale,Used,,18,18.0,25.69,146.54,146.54,194.4,2025-10-13T12:01:59.927753
70922-1,Last 6 Months Sales,New,12.0,12,,478.1,593.35,593.35,679.61,2025-10-13T12:03:43.134649
70922-1,Last 6 Months Sales,Used,7.0,7,,201.32,416.44,416.44,597.36,2025-10-13T12:03:43.134649
70922-1,Current Items for Sale,New,,40,36.0,400.0,639.3,642.51,800.0,2025-10-13T12:03:43.134649
70922-1,Current Items for Sale,Used,,12,12.0,195.31,368.37,368.37,597.99,2025-10-13T12:03:43.134649
71042-1,Last 6 Months Sales,New,29.0,33,,158.71,354.49,340.11,425.0,2025-10-13T12:06:25.312876
71042-1,Last 6 Months Sales,Used,16.0,16,,213.6,293.37,293.37,362.69,2025-10-13T12:06:25.312876
71042-1,Current Items for Sale,New,,95,58.0,235.0,425.6,411.17,821.23,2025-10-13T12:06:25.312876
71042-1,Current Items for Sale,Used,,22,18.0,170.1,341.65,320.27,999.99,2025-10-13T12:06:25.312876
75144-1,Last 6 Months Sales,New,40.0,40,,127.02,322.98,322.98,437.73,2025-10-13T12:07:57.843211
75144-1,Last 6 Months Sales,Used,22.0,22,,170.27,239.74,239.74,322.22,2025-10-13T12:07:57.843211
75144-1,Current Items for Sale,New,,122,93.0,176.7,396.05,398.57,919.99,2025-10-13T12:07:57.843211
75144-1,Current Items for Sale,Used,,29,29.0,138.3,246.5,246.5,432.22,2025-10-13T12:07:57.843211
75187-1,Last 6 Months Sales,New,50.0,57,,102.44,153.66,154.1,174.68,2025-10-13T12:09:57.756574
75187-1,Last 6 Months Sales,Used,32.0,32,,25.36,73.09,73.09,99.0,2025-10-13T12:09:57.756574
75187-1,Current Items for Sale,New,,74,57.0,135.65,189.54,191.28,345.78,2025-10-13T12:09:57.756574
75187-1,Current Items for Sale,Used,,73,70.0,21.61,95.28,95.53,210.05,2025-10-13T12:09:57.756574
75189-1,Last 6 Months Sales,New,19.0,20,,78.15,157.2,159.06,195.0,2025-10-13T12:11:17.850229
75189-1,Last 6 Months Sales,Used,30.0,30,,62.49,100.05,100.05,149.52,2025-10-13T12:11:17.850229
75189-1,Current Items for Sale,New,,70,55.0,110.37,213.1,219.17,599.99,2025-10-13T12:11:17.850229
75189-1,Current Items for Sale,Used,,37,37.0,74.31,117.11,117.11,200.0,2025-10-13T12:11:17.850229
75190-1,Last 6 Months Sales,New,9.0,9,,137.24,206.75,206.75,303.95,2025-10-13T12:13:07.816860
75190-1,Last 6 Months Sales,Used,16.0,16,,94.0,116.82,116.82,145.34,2025-10-13T12:13:07.816860
75190-1,Current Items for Sale,New,,77,65.0,121.02,252.77,255.58,431.14,2025-10-13T12:13:07.816860
75190-1,Current Items for Sale,Used,,53,53.0,60.5,147.63,147.63,324.17,2025-10-13T12:13:07.816860
75192-1,Last 6 Months Sales,New,62.0,63,,200.0,540.64,542.06,1766.45,2025-10-13T12:15:15.382916
75192-1,Last 6 Months Sales,Used,22.0,22,,26.54,437.19,437.19,625.33,2025-10-13T12:15:15.382916
75192-1,Current Items for Sale,New,,629,249.0,507.65,1022.53,915.52,6046.83,2025-10-13T12:15:15.382916
75192-1,Current Items for Sale,Used,,53,49.0,392.56,596.74,582.06,950.9,2025-10-13T12:15:15.382916
75222-1,Last 6 Months Sales,New,44.0,49,,200.0,700.72,671.19,1167.01,2025-10-13T12:16:35.800191
75222-1,Last 6 Months Sales,Used,16.0,16,,17.15,415.94,415.94,866.1,2025-10-13T12:16:35.800191
75222-1,Current Items for Sale,New,,54,51.0,345.69,915.53,922.92,1299.99,2025-10-13T12:16:35.800191
75222-1,Current Items for Sale,Used,,4,4.0,377.66,661.8,661.8,864.44,2025-10-13T12:16:35.800191
10260-1,Last 6 Months Sales,New,75.0,89,,99.51,267.94,259.82,368.21,2025-10-13T12:18:33.275976
10260-1,Last 6 Months Sales,Used,37.0,37,,17.27,205.26,205.26,269.34,2025-10-13T12:18:33.275976
10260-1,Current Items for Sale,New,,413,191.0,218.72,343.64,321.64,864.44,2025-10-13T12:18:33.275976
10260-1,Current Items for Sale,Used,,62,56.0,77.76,259.6,257.67,500.0,2025-10-13T12:18:33.275976
10261-1,Last 6 Months Sales,New,32.0,32,,252.6,334.15,334.15,408.0,2025-10-13T12:51:00.223060
10261-1,Last 6 Months Sales,Used,27.0,27,,162.34,240.89,240.89,301.43,2025-10-13T12:51:00.223060
10261-1,Current Items for Sale,New,,441,248.0,30.0,415.46,420.02,1210.23,2025-10-13T12:51:00.223060
10261-1,Current Items for Sale,Used,,49,46.0,164.25,299.0,290.75,459.29,2025-10-13T12:51:00.223060
10262-1,Last 6 Months Sales,New,35.0,38,,105.0,164.51,162.57,219.0,2025-10-13T12:52:36.583187
10262-1,Last 6 Months Sales,Used,21.0,21,,57.3,90.18,90.18,119.95,2025-10-13T12:52:36.583187
10262-1,Current Items for Sale,New,,237,155.0,136.3,225.9,225.65,588.05,2025-10-13T12:52:36.583187
10262-1,Current Items for Sale,Used,,64,60.0,35.55,126.48,127.65,215.25,2025-10-13T12:52:36.583187
10263-1,Last 6 Months Sales,New,32.0,34,,68.0,114.92,114.09,149.22,2025-10-13T12:54:30.285591
10263-1,Last 6 Months Sales,Used,13.0,13,,60.0,102.88,102.88,134.98,2025-10-13T12:54:30.285591
10263-1,Current Items for Sale,New,,439,202.0,84.2,142.67,144.0,431.34,2025-10-13T12:54:30.285591
10263-1,Current Items for Sale,Used,,19,18.0,95.75,122.88,121.94,172.89,2025-10-13T12:54:30.285591
10717-1,Last 6 Months Sales,New,4.0,5,,27.04,59.81,61.29,75.0,2025-10-13T12:56:44.356024
10717-1,Last 6 Months Sales,Used,1.0,1,,37.95,37.95,37.95,37.95,2025-10-13T12:56:44.356024
10717-1,Current Items for Sale,New,,12,10.0,47.38,79.24,85.87,119.0,2025-10-13T12:56:44.356024
10717-1,Current Items for Sale,Used,,4,3.0,36.31,40.05,39.76,44.95,2025-10-13T12:56:44.356024
21311-1,Last 6 Months Sales,New,31.0,33,,246.93,333.07,328.8,430.5,2025-10-13T12:58:38.645809
21311-1,Last 6 Months Sales,Used,12.0,12,,120.35,204.78,204.78,293.13,2025-10-13T12:58:38.645809
21311-1,Current Items for Sale,New,,103,73.0,265.49,392.55,370.16,1133.14,2025-10-13T12:58:38.645809
21311-1,Current Items for Sale,Used,,25,23.0,210.0,269.76,266.84,432.22,2025-10-13T12:58:38.645809
21042-1,Last 6 Months Sales,New,16.0,19,,42.76,62.69,61.45,82.41,2025-10-13T13:00:40.067903
21042-1,Last 6 Months Sales,Used,15.0,15,,34.63,45.4,45.4,66.32,2025-10-13T13:00:40.067903
21042-1,Current Items for Sale,New,,828,357.0,50.99,101.22,99.77,302.56,2025-10-13T13:00:40.067903
21042-1,Current Items for Sale,Used,,60,60.0,40.0,64.55,64.55,172.89,2025-10-13T13:00:40.067903
41347-1,Last 6 Months Sales,New,2.0,3,,130.0,134.0,135.33,138.0,2025-10-13T13:02:29.273169
41347-1,Last 6 Months Sales,Used,2.0,2,,43.77,47.95,47.95,52.12,2025-10-13T13:02:29.273169
41347-1,Current Items for Sale,New,,24,20.0,113.31,153.55,152.34,250.0,2025-10-13T13:02:29.273169
41347-1,Current Items for Sale,Used,,40,40.0,12.97,70.77,70.77,224.76,2025-10-13T13:02:29.273169
42080-1,Last 6 Months Sales,New,1.0,4,,158.0,158.0,158.0,158.0,2025-10-13T13:04:18.250158
42080-1,Last 6 Months Sales,Used,3.0,3,,77.73,87.19,87.19,95.86,2025-10-13T13:04:18.250158
42080-1,Current Items for Sale,New,,56,39.0,118.62,165.15,160.13,300.3,2025-10-13T13:04:18.250158
42080-1,Current Items for Sale,Used,,16,16.0,79.56,99.55,99.55,142.63,2025-10-13T13:04:18.250158
42076-1,Last 6 Months Sales,New,1.0,1,,95.71,95.71,95.71,95.71,2025-10-13T13:06:01.369605
42076-1,Last 6 Months Sales,Used,3.0,3,,29.59,41.82,41.82,57.86,2025-10-13T13:06:01.369605
42076-1,Current Items for Sale,New,,28,24.0,67.99,102.19,103.02,155.6,2025-10-13T13:06:01.369605
42076-1,Current Items for Sale,Used,,17,17.0,38.99,57.61,57.61,89.95,2025-10-13T13:06:01.369605
42078-1,Last 6 Months Sales,New,13.0,14,,110.4,225.21,224.73,289.67,2025-10-13T13:07:18.988669
42078-1,Last 6 Months Sales,Used,8.0,9,,76.45,132.74,126.49,211.53,2025-10-13T13:07:18.988669
42078-1,Current Items for Sale,New,,74,61.0,225.0,291.89,290.57,427.92,2025-10-13T13:07:18.988669
42078-1,Current Items for Sale,Used,,66,60.0,106.19,180.78,179.82,596.01,2025-10-13T13:07:18.988669
42081-1,Last 6 Months Sales,New,3.0,7,,81.82,102.94,109.4,114.99,2025-10-13T13:08:57.030567
42081-1,Last 6 Months Sales,Used,0.0,0,,,,,,2025-10-13T13:08:57.030567
42081-1,Current Items for Sale,New,,82,55.0,90.65,134.27,136.85,226.34,2025-10-13T13:08:57.030567
42081-1,Current Items for Sale,Used,,23,23.0,56.0,94.21,94.21,151.09,2025-10-13T13:08:57.030567
42082-1,Last 6 Months Sales,New,19.0,20,,149.33,233.62,234.93,369.4,2025-10-13T13:10:37.791119
42082-1,Last 6 Months Sales,Used,13.0,13,,30.37,169.74,169.74,273.63,2025-10-13T13:10:37.791119
42082-1,Current Items for Sale,New,,132,86.0,238.09,322.55,330.98,600.0,2025-10-13T13:10:37.791119
42082-1,Current Items for Sale,Used,,44,42.0,169.2,235.49,233.99,350.0,2025-10-13T13:10:37.791119
42083-1,Last 6 Months Sales,New,84.0,115,,170.88,302.8,293.29,431.02,2025-10-13T13:11:57.193178
42083-1,Last 6 Months Sales,Used,17.0,17,,154.11,201.72,201.72,340.57,2025-10-13T13:11:57.193178
42083-1,Current Items for Sale,New,,932,259.0,216.11,421.41,350.37,1296.68,2025-10-13T13:11:57.193178
42083-1,Current Items for Sale,Used,,86,80.0,133.98,270.5,264.82,746.58,2025-10-13T13:11:57.193178
60198-1,Last 6 Months Sales,New,18.0,18,,110.0,142.08,142.08,202.48,2025-10-13T13:13:27.241301
60198-1,Last 6 Months Sales,Used,10.0,10,,8.0,91.77,91.77,135.81,2025-10-13T13:13:27.241301
60198-1,Current Items for Sale,New,,477,211.0,9.9,179.59,182.24,424.15,2025-10-13T13:13:27.241301
60198-1,Current Items for Sale,Used,,31,28.0,10.79,112.78,110.76,246.64,2025-10-13T13:13:27.241301
60200-1,Last 6 Months Sales,New,2.0,2,,169.99,177.5,177.5,185.0,2025-10-13T13:14:50.882710
60200-1,Last 6 Months Sales,Used,2.0,2,,27.0,73.48,73.48,119.95,2025-10-13T13:14:50.882710
60200-1,Current Items for Sale,New,,21,20.0,17.28,174.22,175.45,237.72,2025-10-13T13:14:50.882710
60200-1,Current Items for Sale,Used,,13,13.0,17.99,94.96,94.96,138.31,2025-10-13T13:14:50.882710
70654-1,Last 6 Months Sales,New,9.0,9,,159.66,234.52,234.52,340.88,2025-10-13T13:16:28.621290
70654-1,Last 6 Months Sales,Used,11.0,11,,89.0,119.21,119.21,152.96,2025-10-13T13:16:28.621290
70654-1,Current Items for Sale,New,,17,17.0,172.88,238.26,238.26,329.36,2025-10-13T13:16:28.621290
70654-1,Current Items for Sale,Used,,11,11.0,22.5,122.36,122.36,169.95,2025-10-13T13:16:28.621290
70655-1,Last 6 Months Sales,New,5.0,5,,149.68,194.29,194.29,222.0,2025-10-13T13:17:47.001471
70655-1,Last 6 Months Sales,Used,10.0,10,,55.76,126.15,126.15,160.93,2025-10-13T13:17:47.001471
70655-1,Current Items for Sale,New,,13,11.0,181.53,245.82,242.62,302.56,2025-10-13T13:17:47.001471
70655-1,Current Items for Sale,Used,,17,17.0,25.0,125.26,125.26,219.95,2025-10-13T13:17:47.001471
70657-1,Last 6 Months Sales,New,27.0,27,,269.47,540.16,540.16,729.61,2025-10-13T13:19:29.421319
70657-1,Last 6 Months Sales,Used,21.0,21,,300.0,396.04,396.04,510.99,2025-10-13T13:19:29.421319
70657-1,Current Items for Sale,New,,73,62.0,500.0,647.0,643.32,1296.68,2025-10-13T13:19:29.421319
70657-1,Current Items for Sale,Used,,24,21.0,311.61,442.49,435.8,580.0,2025-10-13T13:19:29.421319
71043-1,Last 6 Months Sales,New,33.0,36,,23.11,278.28,280.47,525.0,2025-10-13T13:21:20.670674
71043-1,Last 6 Months Sales,Used,24.0,24,,74.01,221.76,221.76,305.0,2025-10-13T13:21:20.670674
71043-1,Current Items for Sale,New,,495,269.0,23.33,451.92,431.61,1500.0,2025-10-13T13:21:20.670674
71043-1,Current Items for Sale,Used,,56,55.0,172.89,295.78,293.59,525.0,2025-10-13T13:21:20.670674
75181-1,Last 6 Months Sales,New,25.0,25,,165.0,388.96,388.96,458.16,2025-10-13T13:23:24.874172
75181-1,Last 6 Months Sales,Used,21.0,21,,171.19,268.18,268.18,371.48,2025-10-13T13:23:24.874172
75181-1,Current Items for Sale,New,,65,54.0,255.0,458.45,459.65,1020.0,2025-10-13T13:23:24.874172
75181-1,Current Items for Sale,Used,,35,33.0,172.88,288.33,290.61,431.36,2025-10-13T13:23:24.874172
75212-1,Last 6 Months Sales,New,25.0,27,,87.47,189.07,190.5,249.68,2025-10-13T13:25:39.808607
75212-1,Last 6 Months Sales,Used,24.0,24,,42.37,105.59,105.59,193.59,2025-10-13T13:25:39.808607
75212-1,Current Items for Sale,New,,66,48.0,98.99,263.75,257.79,475.0,2025-10-13T13:25:39.808607
75212-1,Current Items for Sale,Used,,40,40.0,53.62,121.32,121.32,212.42,2025-10-13T13:25:39.808607
75220-1,Last 6 Months Sales,New,7.0,7,,169.99,187.26,187.26,243.84,2025-10-13T13:27:05.720943
75220-1,Last 6 Months Sales,Used,5.0,5,,103.88,143.23,143.23,173.86,2025-10-13T13:27:05.720943
75220-1,Current Items for Sale,New,,45,38.0,95.09,199.04,198.99,371.71,2025-10-13T13:27:05.720943
75220-1,Current Items for Sale,Used,,29,28.0,65.0,122.55,120.98,250.0,2025-10-13T13:27:05.720943
75930-1,Last 6 Months Sales,New,22.0,23,,78.12,213.31,214.26,250.0,2025-10-13T13:28:59.111425
75930-1,Last 6 Months Sales,Used,17.0,17,,43.75,113.66,113.66,163.43,2025-10-13T13:28:59.111425
75930-1,Current Items for Sale,New,,24,24.0,150.66,267.23,267.23,459.42,2025-10-13T13:28:59.111425
75930-1,Current Items for Sale,Used,,12,12.0,69.15,134.02,134.02,172.97,2025-10-13T13:28:59.111425
76105-1,Last 6 Months Sales,New,10.0,10,,116.73,138.69,138.69,172.07,2025-10-13T13:30:31.639735
76105-1,Last 6 Months Sales,Used,10.0,10,,64.06,80.33,80.33,102.67,2025-10-13T13:30:31.639735
76105-1,Current Items for Sale,New,,182,112.0,110.0,182.17,175.59,400.0,2025-10-13T13:30:31.639735
76105-1,Current Items for Sale,Used,,42,41.0,1.0,108.85,108.14,204.4,2025-10-13T13:30:31.639735
76108-1,Last 6 Months Sales,New,18.0,19,,123.96,157.73,157.54,213.55,2025-10-13T13:31:44.037833
76108-1,Last 6 Months Sales,Used,20.0,20,,42.71,79.33,79.33,108.96,2025-10-13T13:31:44.037833
76108-1,Current Items for Sale,New,,150,88.0,99.41,195.16,192.68,359.28,2025-10-13T13:31:44.037833
76108-1,Current Items for Sale,Used,,44,44.0,40.0,112.7,112.7,199.0,2025-10-13T13:31:44.037833
10264-1,Last 6 Months Sales,New,79.0,83,,118.13,224.46,224.01,299.0,2025-10-13T13:34:09.867715
10264-1,Last 6 Months Sales,Used,23.0,23,,136.71,186.66,186.66,232.37,2025-10-13T13:34:09.867715
10264-1,Current Items for Sale,New,,642,332.0,179.84,285.35,279.2,864.44,2025-10-13T13:34:09.867715
10264-1,Current Items for Sale,Used,,43,39.0,142.61,247.49,239.51,705.8,2025-10-13T13:34:09.867715
10266-1,Last 6 Months Sales,New,55.0,67,,58.2,78.63,78.31,111.69,2025-10-13T13:35:31.424613
10266-1,Last 6 Months Sales,Used,25.0,25,,22.5,46.89,46.89,79.99,2025-10-13T13:35:31.424613
10266-1,Current Items for Sale,New,,782,385.0,66.65,125.39,123.97,555.64,2025-10-13T13:35:31.424613
10266-1,Current Items for Sale,Used,,74,71.0,38.9,77.41,77.57,200.0,2025-10-13T13:35:31.424613
10265-1,Last 6 Months Sales,New,53.0,70,,82.21,128.66,126.38,170.0,2025-10-13T13:36:56.705211
10265-1,Last 6 Months Sales,Used,21.0,21,,38.62,77.96,77.96,107.28,2025-10-13T13:36:56.705211
10265-1,Current Items for Sale,New,,826,278.0,101.98,169.17,172.68,499.99,2025-10-13T13:36:56.705211
10265-1,Current Items for Sale,Used,,63,61.0,47.54,123.8,121.93,870.47,2025-10-13T13:36:56.705211
10267-1,Last 6 Months Sales,New,60.0,85,,82.28,120.0,122.46,208.0,2025-10-13T13:38:25.044684
10267-1,Last 6 Months Sales,Used,17.0,17,,60.0,96.27,96.27,121.02,2025-10-13T13:38:25.044684
10267-1,Current Items for Sale,New,,1264,248.0,93.31,161.5,162.25,499.99,2025-10-13T13:38:25.044684
10267-1,Current Items for Sale,Used,,18,18.0,31.12,109.93,109.93,149.95,2025-10-13T13:38:25.044684
10269-1,Last 6 Months Sales,New,28.0,41,,76.67,114.95,116.62,220.86,2025-10-13T13:40:10.592456
10269-1,Last 6 Months Sales,Used,16.0,16,,36.66,56.55,56.55,78.07,2025-10-13T13:40:10.592456
10269-1,Current Items for Sale,New,,507,137.0,83.31,133.48,136.86,243.0,2025-10-13T13:40:10.592456
10269-1,Current Items for Sale,Used,,43,40.0,43.21,73.27,71.17,114.81,2025-10-13T13:40:10.592456
70425-1,Last 6 Months Sales,New,6.0,7,,93.48,110.39,110.33,132.02,2025-10-13T13:41:52.806222
70425-1,Last 6 Months Sales,Used,7.0,7,,46.0,77.32,77.32,107.32,2025-10-13T13:41:52.806222
70425-1,Current Items for Sale,New,,163,115.0,74.64,137.21,140.94,302.55,2025-10-13T13:41:52.806222
70425-1,Current Items for Sale,Used,,32,32.0,45.93,82.8,82.8,119.95,2025-10-13T13:41:52.806222
21045-1,Last 6 Months Sales,New,35.0,52,,55.0,71.99,72.04,120.31,2025-10-13T13:43:48.675108
21045-1,Last 6 Months Sales,Used,10.0,10,,28.38,45.55,45.55,60.0,2025-10-13T13:43:48.675108
21045-1,Current Items for Sale,New,,384,184.0,55.54,95.56,97.11,195.0,2025-10-13T13:43:48.675108
21045-1,Current Items for Sale,Used,,32,31.0,37.17,58.99,59.55,89.95,2025-10-13T13:43:48.675108
21046-1,Last 6 Months Sales,New,34.0,43,,67.5,123.63,122.23,210.46,2025-10-13T13:45:20.363758
21046-1,Last 6 Months Sales,Used,6.0,6,,72.67,80.42,80.42,90.0,2025-10-13T13:45:20.363758
21046-1,Current Items for Sale,New,,157,96.0,84.99,144.78,144.98,229.0,2025-10-13T13:45:20.363758
21046-1,Current Items for Sale,Used,,13,13.0,63.15,97.88,97.88,172.89,2025-10-13T13:45:20.363758
21319-1,Last 6 Months Sales,New,159.0,348,,30.69,72.5,74.79,121.04,2025-10-13T13:47:23.100938
21319-1,Last 6 Months Sales,Used,26.0,26,,28.46,50.05,50.05,76.14,2025-10-13T13:47:23.100938
21319-1,Current Items for Sale,New,,903,366.0,50.0,108.72,108.5,295.0,2025-10-13T13:47:23.100938
21319-1,Current Items for Sale,Used,,64,62.0,38.9,65.93,65.7,140.0,2025-10-13T13:47:23.100938
41375-1,Last 6 Months Sales,New,1.0,1,,115.0,115.0,115.0,115.0,2025-10-13T13:49:21.295740
41375-1,Last 6 Months Sales,Used,6.0,6,,34.1,65.83,65.83,95.6,2025-10-13T13:49:21.295740
41375-1,Current Items for Sale,New,,110,47.0,68.29,108.14,111.63,172.89,2025-10-13T13:49:21.295740
41375-1,Current Items for Sale,Used,,22,22.0,51.79,72.06,72.06,153.27,2025-10-13T13:49:21.295740
42096-1,Last 6 Months Sales,New,33.0,39,,97.5,131.51,132.29,170.55,2025-10-13T13:51:19.693771
42096-1,Last 6 Months Sales,Used,18.0,18,,58.82,77.11,77.11,90.0,2025-10-13T13:51:19.693771
42096-1,Current Items for Sale,New,,620,224.0,99.98,185.24,193.96,410.61,2025-10-13T13:51:19.693771
42096-1,Current Items for Sale,Used,,49,49.0,38.9,99.79,99.79,170.0,2025-10-13T13:51:19.693771
42098-1,Last 6 Months Sales,New,8.0,9,,100.0,199.13,200.35,270.79,2025-10-13T13:52:42.599269
42098-1,Last 6 Months Sales,Used,6.0,6,,131.4,144.85,144.85,161.96,2025-10-13T13:52:42.599269
42098-1,Current Items for Sale,New,,49,39.0,195.0,257.82,257.68,328.48,2025-10-13T13:52:42.599269
42098-1,Current Items for Sale,Used,,33,29.0,128.45,174.11,171.28,432.22,2025-10-13T13:52:42.599269
42100-1,Last 6 Months Sales,New,26.0,28,,345.0,609.83,608.77,742.0,2025-10-13T13:54:39.002391
42100-1,Last 6 Months Sales,Used,23.0,23,,191.44,352.14,352.14,551.69,2025-10-13T13:54:39.002391
42100-1,Current Items for Sale,New,,51,44.0,550.0,730.2,729.28,1399.0,2025-10-13T13:54:39.002391
42100-1,Current Items for Sale,Used,,47,43.0,252.0,445.39,431.94,815.59,2025-10-13T13:54:39.002391
42110-1,Last 6 Months Sales,New,51.0,71,,115.37,181.72,185.96,255.79,2025-10-13T13:56:16.404281
42110-1,Last 6 Months Sales,Used,16.0,16,,70.27,111.33,111.33,173.05,2025-10-13T13:56:16.404281
42110-1,Current Items for Sale,New,,861,168.0,111.08,234.3,207.61,601.61,2025-10-13T13:56:16.404281
42110-1,Current Items for Sale,Used,,53,53.0,25.41,148.94,148.94,518.66,2025-10-13T13:56:16.404281
60229-1,Last 6 Months Sales,New,2.0,2,,96.86,101.98,101.98,107.1,2025-10-13T13:57:33.678832
60229-1,Last 6 Months Sales,Used,2.0,2,,59.78,69.55,69.55,79.32,2025-10-13T13:57:33.678832
60229-1,Current Items for Sale,New,,137,64.0,85.63,138.34,139.62,242.04,2025-10-13T13:57:33.678832
60229-1,Current Items for Sale,Used,,10,10.0,25.93,71.32,71.32,100.0,2025-10-13T13:57:33.678832
70670-1,Last 6 Months Sales,New,13.0,13,,139.09,173.98,173.98,227.85,2025-10-13T14:00:09.554355
70670-1,Last 6 Months Sales,Used,18.0,18,,60.0,93.24,93.24,137.08,2025-10-13T14:00:09.554355
70670-1,Current Items for Sale,New,,20,17.0,128.45,215.25,217.28,302.55,2025-10-13T14:00:09.554355
70670-1,Current Items for Sale,Used,,18,18.0,80.0,114.64,114.64,156.8,2025-10-13T14:00:09.554355
70677-1,Last 6 Months Sales,New,5.0,5,,236.92,255.06,255.06,285.12,2025-10-13T14:02:11.887038
70677-1,Last 6 Months Sales,Used,12.0,12,,61.69,136.27,136.27,165.0,2025-10-13T14:02:11.887038
70677-1,Current Items for Sale,New,,17,14.0,217.8,309.41,311.78,370.0,2025-10-13T14:02:11.887038
70677-1,Current Items for Sale,Used,,16,16.0,85.34,154.83,154.83,237.5,2025-10-13T14:02:11.887038
70678-1,Last 6 Months Sales,New,14.0,14,,168.06,199.36,199.36,248.0,2025-10-13T14:04:03.108299
70678-1,Last 6 Months Sales,Used,12.0,12,,27.01,113.11,113.11,173.02,2025-10-13T14:04:03.108299
70678-1,Current Items for Sale,New,,10,9.0,15.99,176.26,181.13,328.48,2025-10-13T14:04:03.108299
70678-1,Current Items for Sale,Used,,14,14.0,64.95,147.23,147.23,216.11,2025-10-13T14:04:03.108299
70828-1,Last 6 Months Sales,New,2.0,2,,26.16,31.08,31.08,35.99,2025-10-13T14:05:13.833103
70828-1,Last 6 Months Sales,Used,2.0,2,,22.99,24.54,24.54,26.09,2025-10-13T14:05:13.833103
70828-1,Current Items for Sale,New,,336,106.0,24.97,59.11,59.75,121.01,2025-10-13T14:05:13.833103
70828-1,Current Items for Sale,Used,,19,19.0,12.97,31.45,31.45,59.99,2025-10-13T14:05:13.833103
70835-1,Last 6 Months Sales,New,5.0,5,,57.97,74.04,74.04,98.56,2025-10-13T14:07:10.782653
70835-1,Last 6 Months Sales,Used,3.0,3,,31.94,44.1,44.1,61.64,2025-10-13T14:07:10.782653
70835-1,Current Items for Sale,New,,109,55.0,14.99,94.11,91.97,155.6,2025-10-13T14:07:10.782653
70835-1,Current Items for Sale,Used,,6,6.0,45.33,60.96,60.96,70.02,2025-10-13T14:07:10.782653
70840-1,Last 6 Months Sales,New,15.0,15,,545.29,632.99,632.99,741.17,2025-10-13T14:08:45.087801
70840-1,Last 6 Months Sales,Used,13.0,13,,372.95,479.0,479.0,550.0,2025-10-13T14:08:45.087801
70840-1,Current Items for Sale,New,,42,41.0,599.6,779.45,778.39,1080.54,2025-10-13T14:08:45.087801
70840-1,Current Items for Sale,Used,,15,15.0,259.34,485.62,485.62,696.38,2025-10-13T14:08:45.087801
70839-1,Last 6 Months Sales,New,7.0,8,,120.0,169.11,162.97,191.3,2025-10-13T14:10:39.353982
70839-1,Last 6 Months Sales,Used,6.0,6,,74.49,117.07,117.07,136.7,2025-10-13T14:10:39.353982
70839-1,Current Items for Sale,New,,32,29.0,112.75,193.84,194.68,379.42,2025-10-13T14:10:39.353982
70839-1,Current Items for Sale,Used,,5,5.0,66.13,103.86,103.86,139.99,2025-10-13T14:10:39.353982
71044-1,Last 6 Months Sales,New,25.0,25,,215.52,362.86,362.86,450.0,2025-10-13T14:12:45.893442
71044-1,Last 6 Months Sales,Used,9.0,9,,151.58,309.03,309.03,426.72,2025-10-13T14:12:45.893442
