Set ID,Section,Condition,Times Sold,Total Qty,Total Lots,Min Price (EUR),Avg Price (EUR),Qty Avg Price (EUR),Max Price (EUR),ScrapeTimestampUTC
75313-1,Last 6 Months Sales,New,128.0,135,,386.7,727.59,722.38,1054.23,2025-10-11T12:56:37.596358
75313-1,Last 6 Months Sales,Used,23.0,23,,455.09,644.82,644.82,807.5,2025-10-11T12:56:37.596358
75313-1,Current Items for Sale,New,,189,126.0,700.0,1121.81,1108.25,3399.99,2025-10-11T12:56:37.596358
75313-1,Current Items for Sale,Used,,16,16.0,599.0,768.5,768.5,1080.56,2025-10-11T12:56:37.596358
10307-1,Last 6 Months Sales,New,6.0,8,,268.89,405.39,371.26,595.0,2025-10-11T12:58:14.300852
10307-1,Last 6 Months Sales,Used,8.0,8,,317.16,365.23,365.23,459.0,2025-10-11T12:58:14.300852
10307-1,Current Items for Sale,New,,213,51.0,387.35,648.32,502.64,1250.0,2025-10-11T12:58:14.300852
10307-1,Current Items for Sale,Used,,21,14.0,295.64,507.54,439.25,800.0,2025-10-11T12:58:14.300852
10276-1,Last 6 Months Sales,New,21.0,21,,365.63,748.95,748.95,1057.92,2025-10-11T12:59:34.670565
10276-1,Last 6 Months Sales,Used,16.0,16,,329.43,503.17,503.17,809.48,2025-10-11T12:59:34.670565
10276-1,Current Items for Sale,New,,40,33.0,602.64,1054.35,1054.76,1950.0,2025-10-11T12:59:34.670565
10276-1,Current Items for Sale,Used,,13,12.0,330.65,581.32,562.04,729.85,2025-10-11T12:59:34.670565
10316-1,Last 6 Months Sales,New,67.0,78,,149.37,326.63,328.71,465.17,2025-10-11T13:01:23.935938
10316-1,Last 6 Months Sales,Used,12.0,12,,240.0,306.86,306.86,350.76,2025-10-11T13:01:23.935938
10316-1,Current Items for Sale,New,,458,151.0,176.15,506.46,477.23,1219.74,2025-10-11T13:01:23.935938
10316-1,Current Items for Sale,Used,,7,7.0,369.96,417.13,417.13,499.0,2025-10-11T13:01:23.935938
10300-1,Last 6 Months Sales,New,17.0,19,,106.24,123.0,121.32,179.99,2025-10-11T13:03:07.789820
10300-1,Last 6 Months Sales,Used,11.0,11,,76.44,93.05,93.05,130.0,2025-10-11T13:03:07.789820
10300-1,Current Items for Sale,New,,531,217.0,108.06,206.34,197.76,750.0,2025-10-11T13:03:07.789820
10300-1,Current Items for Sale,Used,,29,29.0,34.58,125.39,125.39,180.0,2025-10-11T13:03:07.789820
21318-1,Last 6 Months Sales,New,66.0,68,,127.09,162.41,162.9,229.51,2025-10-11T13:04:42.197083
21318-1,Last 6 Months Sales,Used,25.0,25,,66.4,123.33,123.33,153.1,2025-10-11T13:04:42.197083
21318-1,Current Items for Sale,New,,1362,470.0,111.08,240.93,237.06,799.99,2025-10-11T13:04:42.197083
21318-1,Current Items for Sale,Used,,45,37.0,103.73,171.83,160.69,399.0,2025-10-11T13:04:42.197083
60380-1,Last 6 Months Sales,New,22.0,26,,165.98,213.91,211.77,255.52,2025-10-11T13:24:18.672072
60380-1,Last 6 Months Sales,Used,0.0,0,,,,,,2025-10-11T13:24:18.672072
60380-1,Current Items for Sale,New,,25,13.0,180.74,250.29,260.06,337.25,2025-10-11T13:24:18.672072
60380-1,Current Items for Sale,Used,,1,1.0,190.0,190.0,190.0,190.0,2025-10-11T13:24:18.672072
41757-1,Last 6 Months Sales,New,19.0,22,,42.8,61.34,62.14,93.94,2025-10-11T13:26:14.272940
41757-1,Last 6 Months Sales,Used,5.0,5,,44.45,49.08,49.08,53.76,2025-10-11T13:26:14.272940
41757-1,Current Items for Sale,New,,170,78.0,53.66,92.89,93.0,172.24,2025-10-11T13:26:14.272940
41757-1,Current Items for Sale,Used,,0,0.0,,,,,2025-10-11T13:26:14.272940
43225-1,Last 6 Months Sales,New,19.0,37,,52.6,123.36,147.87,179.99,2025-10-11T13:28:02.536937
43225-1,Last 6 Months Sales,Used,0.0,0,,,,,,2025-10-11T13:28:02.536937
43225-1,Current Items for Sale,New,,123,82.0,99.98,163.79,161.08,270.0,2025-10-11T13:28:02.536937
43225-1,Current Items for Sale,Used,,12,12.0,43.18,81.64,81.64,129.67,2025-10-11T13:28:02.536937
76989-1,Last 6 Months Sales,New,93.0,110,,15.03,95.7,96.83,145.75,2025-10-11T13:29:44.026480
76989-1,Last 6 Months Sales,Used,19.0,19,,21.5,67.79,67.79,98.0,2025-10-11T13:29:44.026480
76989-1,Current Items for Sale,New,,342,172.0,80.35,123.63,122.78,221.88,2025-10-11T13:29:44.026480
76989-1,Current Items for Sale,Used,,9,9.0,68.51,82.14,82.14,106.77,2025-10-11T13:29:44.026480
10246-1,Last 6 Months Sales,New,57.0,59,,93.26,291.5,290.96,415.52,2025-10-11T13:31:23.091890
10246-1,Last 6 Months Sales,Used,38.0,38,,136.71,244.08,244.08,351.74,2025-10-11T13:31:23.091890
10246-1,Current Items for Sale,New,,149,129.0,281.43,452.01,447.71,1210.22,2025-10-11T13:31:23.091890
10246-1,Current Items for Sale,Used,,73,68.0,205.5,318.65,316.41,500.0,2025-10-11T13:31:23.091890
10255-1,Last 6 Months Sales,New,132.0,170,,149.0,237.92,227.45,427.09,2025-10-11T13:32:37.530917
10255-1,Last 6 Months Sales,Used,44.0,44,,130.5,194.91,194.91,301.78,2025-10-11T13:32:37.530917
10255-1,Current Items for Sale,New,,944,486.0,169.4,328.41,322.18,739.1,2025-10-11T13:32:37.530917
10255-1,Current Items for Sale,Used,,74,70.0,150.93,263.69,260.27,763.83,2025-10-11T13:32:37.530917
10270-1,Last 6 Months Sales,New,112.0,162,,139.44,188.11,185.42,274.46,2025-10-11T13:34:12.489384
10270-1,Last 6 Months Sales,Used,45.0,46,,87.93,147.24,147.62,188.18,2025-10-11T13:34:12.489384
10270-1,Current Items for Sale,New,,1024,413.0,143.24,244.73,233.35,863.57,2025-10-11T13:34:12.489384
10270-1,Current Items for Sale,Used,,60,50.0,85.5,186.29,177.86,400.0,2025-10-11T13:34:12.489384
4520-1,Last 6 Months Sales,New,4.0,6,,15.77,20.26,19.8,26.24,2025-10-11T14:20:37.591561
4520-1,Last 6 Months Sales,Used,6.0,26,,3.49,6.33,4.47,10.17,2025-10-11T14:20:37.591561
4520-1,Current Items for Sale,New,,119,50.0,12.0,21.95,22.25,65.0,2025-10-11T14:20:37.591561
4520-1,Current Items for Sale,Used,,64,25.0,3.0,8.29,8.38,27.66,2025-10-11T14:20:37.591561
4531-1,Last 6 Months Sales,New,9.0,10,,30.36,37.15,36.47,44.55,2025-10-11T14:22:11.029518
4531-1,Last 6 Months Sales,Used,13.0,24,,18.75,24.52,25.08,30.0,2025-10-11T14:22:11.029518
4531-1,Current Items for Sale,New,,108,25.0,25.99,55.04,50.41,97.0,2025-10-11T14:22:11.029518
4531-1,Current Items for Sale,Used,,77,31.0,17.22,32.81,31.41,82.12,2025-10-11T14:22:11.029518
4548-1,Last 6 Months Sales,New,5.0,6,,79.99,96.64,101.93,128.4,2025-10-11T14:23:42.240075
4548-1,Last 6 Months Sales,Used,10.0,11,,19.99,49.35,50.77,65.0,2025-10-11T14:23:42.240075
4548-1,Current Items for Sale,New,,32,19.0,59.99,121.14,134.85,333.33,2025-10-11T14:23:42.240075
4548-1,Current Items for Sale,Used,,23,18.0,46.87,72.6,69.58,172.89,2025-10-11T14:23:42.240075
4519-1,Last 6 Months Sales,New,2.0,3,,29.04,29.99,30.31,30.94,2025-10-11T14:25:40.998699
4519-1,Last 6 Months Sales,Used,1.0,1,,22.14,22.14,22.14,22.14,2025-10-11T14:25:40.998699
4519-1,Current Items for Sale,New,,66,28.0,30.0,44.82,45.48,99.99,2025-10-11T14:25:40.998699
4519-1,Current Items for Sale,Used,,7,7.0,21.61,29.73,29.73,60.0,2025-10-11T14:25:40.998699
10030-1,Last 6 Months Sales,New,4.0,4,,852.66,1121.36,1121.36,1617.38,2025-10-11T14:28:16.563095
10030-1,Last 6 Months Sales,Used,6.0,6,,315.19,367.44,367.44,449.99,2025-10-11T14:28:16.563095
10030-1,Current Items for Sale,New,,15,15.0,864.45,1420.48,1420.48,2499.0,2025-10-11T14:28:16.563095
10030-1,Current Items for Sale,Used,,39,39.0,345.78,736.93,736.93,1200.0,2025-10-11T14:28:16.563095
